1806 2918
173 113 317 159 xxxii
634 113 725 161 IN
725 113 814 161 ΤΕ
818 113 909 162 OD
920 112 967 160 U
967 112 1010 162 0
1013 112 1093 160 TI
1090 112 1191 162 ΟΝ

171 244 327 292 videri
361 243 418 292 in
449 243 553 291 eius
583 243 718 291 modi
752 260 902 291 casusa
935 242 1276 290 dissensionem
1313 258 1419 301 esse,
1446 241 1669 290 omnibus

171 324 421 372 sententiis
449 323 699 372 absolutus
729 331 807 372 est.
880 322 1033 383 Illud,
1071 324 1203 386 quod
1235 323 1325 371 tibi
1357 340 1502 371 cwrae
1534 339 1671 385 saepe

171 422 265 455 esse
295 406 636 466 intellexeram,
671 423 731 453 ne
764 406 848 454 cui
870 405 1043 468 iniquo
1076 405 1457 468 relinqueremus
1489 405 1671 467 vitupe-

170 489 322 538 randi
356 490 527 550 locum,
553 490 641 552 qui
674 506 763 538 nos
797 490 1018 551 inqratos
1052 506 1146 537 esse
1179 489 1370 547 diceret,
1400 488 1501 535 nisi
1533 487 1672 535 illius

163 572 529 634 perversitatem
565 572 857 634 quibusdam
886 572 945 620 in
973 572 1112 620 rebus
1139 588 1289 634 quam
1321 571 1671 619 humanissime

156 653 415 716 ferremus,
441 654 556 702 scito
579 655 664 703 hoc
686 671 775 703 nos
797 654 856 703 in
885 671 936 703 eo
967 655 1152 702 iudicio
1182 661 1448 702 consecutos
1481 669 1588 712 esse,
1613 660 1672 700 ut

170 734 395 782 omnium
445 735 722 797 qratissimi
777 735 1124 784 iudicwremum
1197 736 1334 784 Nasm
1378 735 1671 798 defendendo

169 831 357 863 moroso
393 815 584 863 homini
623 816 1000 865 cumulatissime
1038 804 1420 880 satisfecimus,
1463 826 1507 867 et
1543 817 1675 881 quod

170 897 251 944 ille
273 897 483 945 maxime
516 898 750 959 cupiebat,
787 899 1055 958 Vatinium,
1093 916 1126 946 a
1159 916 1255 962 quo
1281 901 1456 962 palam
1489 916 1669 962 oppuy-

169 978 396 1036 nabatur,
420 979 666 1027 arbitratu
688 988 850 1028 nostro
873 981 1184 1039 concidimus,
1205 981 1284 1028 dis
1303 980 1672 1043 hominibusque

164 1062 527 1125 plaudentibus.
601 1062 736 1120 Quin
773 1062 920 1111 etiam
957 1063 1151 1111 Paulus
1189 1070 1361 1123 noster,
1396 1080 1508 1111 cwm
1541 1063 1672 1111 testis

163 1145 434 1207 productus
448 1152 558 1192 esset
573 1144 628 1191 in
647 1144 872 1203 Sestium,
897 1143 1203 1206 confirmavit
1224 1161 1272 1192 se
1294 1161 1468 1192 nomen
1489 1144 1671 1193 Vatinii

171 1225 463 1282 delaturum,
484 1224 530 1271 si
553 1224 720 1272 Macer
743 1224 971 1271 Licinius
993 1232 1333 1281 cumtwretur,·
1369 1232 1413 1272 et
1429 1225 1595 1273 Macer
1610 1225 1670 1272 ab

171 1306 317 1356 Sestii
338 1305 575 1353 subselliis
596 1305 809 1352 surrexit
832 1321 889 1352 ac
911 1321 959 1352 se
982 1305 1060 1352 illi
1085 1322 1186 1352 non
1208 1304 1501 1368 defuturum
1523 1305 1671 1368 adfir-

170 1387 336 1436 mavit.
413 1386 544 1444 Quid
575 1386 804 1448 quaeris?
838 1386 976 1433 homo
1005 1386 1235 1447 petulans
1265 1393 1308 1436 et
1338 1387 1504 1434 audax
1530 1387 1671 1435 valde

168 1467 479 1532 perturbatus
503 1468 868 1531 debilitatusque
893 1467 1111 1516 discessit.

1791 517 1797 547 ‚t
