1812 2950
250 141 385 190 PRO
419 141 475 189 P.
515 139 756 189 SESTIO
794 139 1051 189 ORATIO
1084 141 1130 202 §g
1164 140 1423 187 122—126
1563 142 1621 189 61

118 271 336 332 Metello,
374 273 455 320 cui
486 273 706 320 dabatur.
755 271 816 318 Id
839 277 1004 318 autem
1031 273 1296 333 spectaculi
1321 289 1477 334 genus
1501 281 1621 332 erat,

114 354 246 415 quod
283 355 417 401 omni
456 353 732 416 frequentia
776 358 924 415 atque
969 352 1106 399 omni
1142 368 1318 414 genere
1364 352 1623 400 hominum

117 436 405 495 celebratur,
430 452 526 499 quo
549 436 817 482 multitudo
841 435 1056 481 maxime
1079 434 1361 482 delectatur.
1412 434 1472 480 In
1494 434 1624 481 hunc

117 533 393 564 consessum
418 517 472 567 P.
502 516 703 574 Sestius,
723 515 957 562 tribunus
981 515 1152 578 plebis,
1173 531 1284 561 cum
1309 519 1476 576 ageret
1499 515 1623 561 nihil

71 613 92 643 5
119 598 254 644 aliud
285 598 339 644 in
370 615 427 646 eo
459 599 752 660 magistratu
780 595 880 643 nisi
914 612 1072 642 meam
1105 611 1314 654 causam,
1340 596 1479 642 venit
1503 602 1552 642 et
1576 613 1625 644 se

119 680 297 742 populo
344 680 492 736 dedit,
540 695 639 726 non
687 678 889 741 plausus
934 677 1218 739 cupiditate,
1279 677 1363 723 sed
1420 683 1478 724 ut
1530 678 1625 739 ipsi

118 745 323 808 inimici·
350 762 507 808 nostri
553 761 862 808 voluntatem
902 759 1125 805 universi
1163 759 1333 820 populi
1378 757 1624 805 viderent.

115 841 289 901 Venit,
322 846 379 888 ut
425 841 573 900 scitis,
616 857 646 887 a
682 840 911 888 columna
948 839 1164 887 Maenia.
1209 840 1399 885 Tantus
1442 844 1517 886 est
1563 855 1624 886 ex

117 922 343 968 omnibus
374 921 662 983 spectaculis
692 937 847 983 usque
878 937 908 967 a
940 920 1197 982 Capitolio,
1227 925 1400 966 tantus
1437 936 1501 967 ex
1531 921 1625 967 fori

53 1017 91 1048 10
117 1002 340 1048 cancellis
377 1002 577 1063 plausus
615 1001 871 1059 excitatus,
915 1005 973 1046 ut
1012 1017 1280 1062 numquam
1323 1000 1478 1047 maior
1518 1018 1627 1048 con-

118 1082 275 1129 sensio
298 1087 386 1128 aut
408 1082 622 1144 apertior
644 1082 816 1144 populi
847 1082 1062 1129 Romani
1090 1082 1311 1128 universi
1346 1082 1497 1128 fuisse
1522 1081 1625 1128 ulla

118 1162 173 1208 in
217 1178 361 1208 causa
407 1163 661 1210 diceretur.
741 1162 847 1209 Ubi
893 1167 1035 1209 erant
1070 1167 1179 1208 tum
1225 1162 1301 1208 illi
1337 1164 1622 1208 contionum
1651 1163 1739 1209 125

118 1243 456 1303 moderatores,
482 1244 645 1305 legum
669 1244 869 1302 domini,
890 1244 1072 1290 civium
1097 1244 1411 1306 expulsores?
1437 1244 1626 1291 aliusne

119 1331 192 1370 est
214 1324 389 1385 aliquis
413 1324 647 1387 improbis
671 1325 862 1371 civibus
885 1320 1149 1387 peculiaris
1183 1326 1406 1388 populuS,
1434 1327 1513 1372 cui
1537 1342 1626 1372 nos

55 1420 92 1451 15
118 1405 289 1451 offensi
311 1406 553 1468 invisique
577 1406 815 1453 fuerimus
834 1408 850 1453 2

221 1485 359 1534 LIX.
432 1486 673 1548 Equidem
706 1486 936 1533 existimo
966 1486 1160 1532 nullum
1190 1491 1386 1548 tempus
1411 1502 1514 1533 esse
1538 1486 1627 1534 fre-

123 1565 392 1626 quentioris
415 1567 584 1629 populi
617 1583 765 1629 quam
793 1567 919 1613 illud
946 1566 1294 1629 gladiatorium
1326 1583 1484 1629 neque
1519 1583 1628 1614 con-

123 1645 270 1692 tionis
300 1647 450 1693 ullius
482 1663 641 1709 neque
677 1663 794 1694 vero
833 1647 1048 1694 ullorum
1089 1647 1415 1696 comitiorum.
1487 1647 1626 1695 Haec

121 1725 275 1788 igitur
304 1726 679 1775 innumerabilis
709 1728 964 1775 hominum
997 1728 1280 1787 multitudo,
1307 1729 1426 1775 haec
1459 1731 1626 1792 populi

16 1834 17 1838 =
56 1822 96 1853 20
122 1806 337 1854 Romani
359 1813 500 1855 tanta
530 1810 821 1872 significatio
849 1811 956 1857 sine
984 1811 1088 1857 ulla
1120 1811 1360 1858 varietate
1390 1812 1624 1870 universi,

122 1903 233 1933 cum
255 1887 354 1934 illis
377 1889 497 1951 ipsis
521 1890 692 1937 diebus
716 1890 776 1936 de
804 1907 882 1937 me
913 1896 1077 1937 actum
1110 1891 1174 1938 iri
1205 1896 1481 1954 putaretur,
1506 1893 1626 1955 quid

122 1968 386 2015 declaravit
422 1969 519 2016 nisi
548 1971 845 2032 optimorum
876 1971 1058 2018 civium
1090 1973 1299 2018 salutem
1331 1978 1381 2018 et
1421 1973 1627 2035 dignita-

124 2051 224 2094 tem
255 2049 435 2111 populo
468 2048 694 2095 Romano
726 2065 889 2095 caram
920 2065 1023 2097 esse
1058 2050 1329 2099 universo?
1401 2051 1478 2099 At
1511 2069 1628 2099 vero
1654 2051 1745 2100 126

122 2128 206 2175 ille
228 2135 438 2191 praetor,
463 2129 549 2192 qui
572 2130 634 2176 de
656 2145 734 2176 me
753 2146 853 2177 non
871 2131 1041 2193 patris,
1059 2132 1156 2192 avi,
1180 2135 1365 2195 proavi,
1386 2135 1630 2182 maiorum

19 2205 21 2250 l
59 2221 103 2254 25
124 2210 333 2272 denique
363 2227 564 2258 suorum
601 2213 837 2270 omnium,
880 2213 965 2260 sed
1003 2212 1356 2261 Graeculorum
1396 2216 1631 2263 instituto

124 2290 400 2338 contionem
438 2292 744 2354 interrogare
779 2293 983 2353 solebat,
1025 2295 1271 2343 ‘velletne
1307 2313 1386 2344 me
1421 2297 1582 2344 redire
1602 2300 1626 2357 ²,

122 2375 188 2430 et,
227 2386 338 2418 cum
376 2376 483 2419 erat
522 2373 843 2420 reclamatum
884 2375 1137 2424 semivivis
1177 2380 1629 2426 mercennariorum

123 2451 337 2511 vocibus,
365 2453 602 2515 populum
637 2453 919 2502 Romanum
956 2473 1135 2519 negare
1167 2458 1393 2507 dicebat:
1430 2460 1486 2520 is,
1515 2477 1629 2507 cum

123 2533 300 2580 cotidie
344 2534 637 2596 gladiatores
677 2543 935 2599 spectaret,
973 2555 1246 2603 numquam
1295 2547 1391 2588 est·
1411 2559 1630 2604 conspec-

23 2609 26 2661 ἕ
59 2625 104 2657 θο
123 2617 220 2672 tus,
246 2630 358 2661 cum
380 2616 584 2663 veniret.
648 2617 948 2680 Emergebat
971 2620 1150 2680 subito,
1178 2637 1289 2668 cum
1316 2623 1407 2668 sub
1432 2623 1630 2671 tabulas
1755 2682 1768 2688 φ

125 2693 447 2756 subrepserat,
475 2699 532 2741 ut
557 2700 569 2722 ‘
588 2700 747 2742 mater
777 2701 829 2743 te
859 2698 1054 2760 appello
1069 2701 1080 2722 '
1105 2699 1330 2747 dicturus
1354 2686 1754 2750 videremus

125 2772 304 2838 Itaque
326 2774 413 2822 illa
436 2775 517 2822 via
539 2775 840 2837 latebrosior,
857 2794 955 2841 qua
979 2785 1253 2843 spectatum
1273 2782 1357 2829 ille
1380 2783 1625 2844 veniebat,
