1812 2950
179 159 305 209 „130
547 157 685 206 PRO
720 158 776 205 P.
818 155 1060 205 SESTIO
1095 157 1141 218 §g
1173 156 1371 203 39—40

285 289 315 330 1.
336 290 376 329 2.
431 301 520 331 non
536 293 731 339 verebar,
765 294 774 310 ⁶
789 287 907 328 there
926 299 1012 327 was
1030 299 1087 326 no
1105 285 1212 326 need
1229 285 1296 325 for
1313 297 1383 324 me
1402 287 1448 324 to
1466 284 1517 324 be
1536 282 1699 323 afraid.¹

286 382 316 422 1.
337 382 374 424 6.
433 387 515 424 ffla
531 384 667 435 furia]
695 385 717 433 ἓ
737 384 789 423 34
808 383 837 422 1.
860 383 909 423 13
931 384 983 423 ab
1009 383 1108 422 illa
1128 383 1278 433 furia
1305 394 1355 422 ac
1371 387 1482 432 peste
1496 382 1682 432 patriae.

287 482 313 522 1.
335 484 374 522 8.
431 486 477 523 et
495 494 612 523 nunc
630 486 676 522 et
698 483 771 531 (sc.
793 480 936 531 antea)
959 484 1103 529 quoad
1121 479 1265 530 licuit]
1289 477 1333 519 h.
1353 489 1389 518 e.
1411 479 1454 517 et
1472 478 1570 527 post
1587 476 1708 516 resti-

208 536 420 576 tutionem
439 539 481 576 et
498 536 573 575 illo
592 538 794 587 tempore,
807 536 943 586 quoad
963 536 1084 574 licuit
1103 534 1168 573 vel
1186 545 1261 584 per
1281 532 1503 572 Caesarem
1518 542 1709 571 socerum

207 589 272 629 vel
289 602 365 640 per
373 591 498 641 fictos
518 595 703 640 terrores,
729 589 883 639 quibus
902 588 1103 628 Vatinius
1122 591 1164 627 et
1183 587 1274 627 eius
1293 585 1422 625 index
1435 584 1605 625 Vettius
1618 583 1709 623 eius

208 646 397 684 mentem
428 656 454 683 a
488 642 690 683 Cicerone
727 644 996 692 averterant3
1035 641 1089 682 cf.
1120 643 1164 691 ξς
1192 641 1259 688 41,
1291 640 1356 687 67,
1385 640 1476 681 133.
1537 650 1708 678 01:312121.
1792 632 1800 644 ⁴

209 697 271 738 Cf.
295 709 356 737 or.
376 709 418 748 p.
439 697 584 737 Plano.
605 699 627 746 ἓ
646 697 698 737 85
716 697 744 738 1.
770 697 836 737 29.

293 770 324 811 1.
339 771 377 812 9.
411 782 561 812 omnes
580 771 945 817 necessitudines,
974 768 984 787 ‘
995 766 1053 807 all
1066 765 1254 817 possible
1269 764 1454 816 friendly
1464 762 1691 804 relations:
1702 762 1713 781 ’

211 825 263 867 cf.
298 838 357 868 or.
389 836 432 876 p·
460 825 602 876 Ligar.
634 827 656 875 ἓ
685 827 737 865 21
772 827 871 866 haec
898 826 996 865 novi
1025 836 1097 874 eyo
1122 829 1289 875 propter
1317 834 1474 862 omnes
1502 821 1714 861 necessi·
1795 849 1798 852 ⁴

214 881 427 930 tudine-⁴3,
458 891 564 931 quae
588 881 695 920 mihi
717 885 815 919 sunt
841 892 933 920 cum
957 880 1009 919 L,
1032 879 1254 927 Tuberone,
1278 889 1338 916 or.
1359 888 1399 926 p.
1427 875 1597 925 Quinct.
1617 877 1639 924 ἓ
1662 875 1716 913 48
1790 895 1794 901 ,

213 935 591 984 quicum...omnes
638 934 811 984 denique
857 945 1006 973 causae
1053 939 1093 972 et
1128 931 1527 971 necessitudines
1562 935 1716 969 veteres
1795 939 1807 982 ’Ξ

212 987 532 1034 intercedebant,
552 998 616 1037 ep.
637 987 691 1026 ad
710 987 811 1028 fam.
833 998 916 1026 xm
938 988 1000 1035 12,
1022 987 1044 1025 1
1066 997 1239 1036 quocum
1257 985 1362 1023 mihi
1382 996 1540 1023 omnes
1559 995 1714 1023 neces·
1794 991 1799 1038 ἦ

213 1041 465 1080 situdines
493 1047 602 1080 sunt.
662 1041 717 1081 So
737 1041 869 1081 above
894 1042 986 1090 §28
1006 1040 1034 1081 l.
1060 1041 1110 1081 27
1140 1051 1273 1078 omne
1301 1038 1564 1088 supplicium,
1584 1036 1717 1075 below
1804 1063 1806 1082 ,

214 1097 235 1144 ἓ
256 1095 306 1134 53
336 1095 558 1134 omnibus
585 1096 721 1144 malis,
754 1095 846 1145 §55
876 1096 1086 1134 omnium
1111 1094 1394 1139 remediorum,
1425 1091 1579 1131 Caesar
1597 1090 1639 1131 b.
1661 1089 1711 1131 G.

215 1160 242 1188 v
260 1149 284 1189 6
312 1150 534 1188 omnibus
557 1150 749 1199 precibus
762 1155 914 1200 petere,
939 1160 999 1187 or.
1020 1160 1061 1198 p.
1086 1147 1230 1187 Plano.
1251 1149 1271 1196 5
1291 1146 1343 1187 26
1362 1146 1389 1186 1.
1411 1146 1449 1186 9.

293 1229 324 1270 1.
347 1230 412 1270 10.
467 1233 549 1271 ina
566 1231 707 1282 peste]
737 1232 758 1280 ξ
778 1231 830 1270 34
849 1231 876 1270 l.
904 1232 966 1272 13.

295 1323 326 1363 1.
344 1323 408 1363 11.
457 1328 498 1364 c.
516 1327 674 1365 caesar
693 1325 798 1374 cet.]
824 1323 942 1363 Haec
958 1322 1104 1363 omnia
1118 1323 1301 1363 latentes
1320 1322 1528 1372 querellae
1547 1323 1648 1361 sunt
1668 1320 1720 1361 de
1791 1340 1804 1367 .·

217 1377 433 1428 Pompeio,
461 1378 613 1417 Crasso
642 1379 684 1418 et
705 1378 894 1429 Caesare,
916 1390 1022 1427 quos
1042 1390 1131 1417 non
1158 1376 1388 1427 ambigitur
1406 1375 1564 1427 partim
1582 1375 1718 1414 mani·
1791 1400 1794 1414 1

217 1432 380 1482 festiue,
397 1431 555 1482 partim
573 1444 672 1471 vero
693 1431 901 1471 occultius
920 1432 965 1471 id
977 1430 1122 1482 egisse,
1140 1434 1188 1471 ut
1203 1431 1306 1470 urbe
1319 1431 1486 1470 Tullius
1501 1429 1718 1470 eiceretur.
1788 1435 1793 1477 ζ

219 1485 302 1526 Sed
329 1484 538 1538 (εὐλαβῶς)
567 1485 769 1535 quoniam
795 1485 876 1525 viri
899 1486 1098 1536 potentes
1126 1487 1240 1532 sunt,
1261 1496 1350 1524 non
1378 1484 1506 1524 audet
1533 1483 1720 1523 exertius
1790 1481 1802 1536 J³

219 1539 365 1589 queri;
396 1539 471 1579 sed
495 1540 639 1590 ipsum
665 1539 862 1579 Clodium
887 1540 973 1579 alia.
999 1539 1050 1579 de
1075 1538 1161 1579 iliis
1178 1538 1397 1578 iactitasse
1415 1537 1636 1588 confingit,
1656 1541 1719 1584 ut,
1794 1535 1802 1563 '³

219 1593 332 1643 quod
358 1605 409 1633 ex
438 1605 515 1633 sua
541 1605 726 1643 persona
753 1593 929 1633 haberet
957 1593 1176 1642 offensam,
1200 1592 1278 1632 sub
1298 1593 1439 1632 aliena
1457 1590 1722 1631 moderatius
1791 1598 1801 1646 ’Ξ

219 1647 452 1687 delitescat.
510 1659 654 1688 senon.
781 1650 877 1698 [qui
908 1659 936 1688 a
966 1658 1036 1688 me
1068 1651 1190 1688 nullo
1222 1658 1318 1687 meo
1355 1650 1513 1687 merito
1550 1650 1723 1687 alienus
1790 1649 1793 1673 ἵ

219 1712 312 1742 esse
346 1704 544 1750 debebat,
586 1700 703 1741 ‘who
732 1713 819 1741 was
851 1705 927 1740 not
956 1701 1099 1741 forced
1120 1704 1166 1740 to
1196 1701 1248 1740 be
1277 1713 1350 1751 my
1380 1713 1531 1750 enemy
1553 1700 1608 1751 by
1637 1712 1723 1749 any
1790 1723 1793 1739 ;

219 1754 395 1795 demerit
412 1755 455 1794 oi
473 1755 615 1795 mine?
671 1767 706 1795 J.
722 1767 756 1795 s.
770 1756 850 1806 R.]:
881 1755 932 1796 cf.
953 1767 1012 1796 or.
1033 1755 1085 1794 de
1103 1767 1220 1805 prov.
1240 1755 1327 1804 §43
1344 1757 1482 1806 accepi
1501 1755 1716 1802 iniuriam,
1790 1783 1793 1802 Ξ

219 1810 414 1848 inimicus
447 1821 530 1848 esse
563 1809 728 1850 debui.
797 1811 969 1849 Alienus
999 1810 1037 1848 is
1065 1821 1090 1848 a
1119 1808 1250 1848 much
1279 1809 1442 1848 weaker
1480 1811 1721 1857 expression
1790 1817 1793 1837 τ

219 1862 328 1902 than
346 1864 671 1902 inimicissimus.
729 1861 819 1902 The
840 1863 952 1902 chief
979 1875 1132 1902 reason
1160 1862 1227 1902 for
1254 1862 1367 1901 their
1394 1863 1722 1910 estrangement,
1787 1887 1791 1894 -

219 1915 359 1956 which
387 1915 473 1956 Cic.
502 1915 603 1956 here
631 1916 854 1956 intimates
883 1916 1023 1966 might
1054 1916 1163 1963 have
1194 1916 1300 1956 been
1333 1916 1498 1966 helped,
1533 1927 1620 1954 was
1649 1914 1724 1954 the
1790 1955 1791 1958 Ἴ

221 1970 398 2021 support
416 1969 557 2010 which
577 1970 734 2010 Caesar
751 1982 854 2021 gave
873 1973 919 2011 to
939 1970 1127 2010 Clodius’
1147 1970 1354 2020 adoption
1372 1970 1464 2009 into
1485 1982 1510 2009 a
1529 1968 1723 2019 plebeian

219 2023 367 2064 house.
426 2024 503 2064 See
525 2024 698 2065 Sueton.
723 2025 808 2064 Jul.
829 2037 865 2064 c.
887 2024 952 2064 20.
1010 2025 1077 2064 On
1095 2024 1170 2064 the
1195 2024 1278 2064 abl.
1306 2025 1422 2063 nullo
1449 2036 1535 2063 meo
1562 2025 1722 2070 merito,
1787 2020 1790 2035 '

227 2081 306 2117 ‘no
324 2077 469 2118 action
488 2078 532 2117 of
559 2078 677 2117 mine
696 2078 835 2118 which
856 2078 997 2118 would
1017 2078 1127 2118 have
1153 2078 1279 2118 made
1309 2077 1415 2116 such
1442 2076 1724 2128 punishment

222 2131 352 2172 ofme
370 2131 600 2182 deserved,'
620 2132 674 2171 cf.
698 2134 718 2182 ξ
741 2134 820 2172 133
838 2132 866 2173 1.
893 2133 944 2171 22
964 2132 1051 2172 and
1071 2145 1138 2172 see
1157 2145 1201 2171 n.
1223 2135 1268 2172 to
1287 2134 1308 2181 ἕ
1328 2132 1378 2171 35
1398 2132 1427 2170 1.
1450 2133 1514 2170 13.

303 2233 405 2280 §40‚
426 2231 456 2269 l.
475 2231 538 2271 14.
595 2234 644 2271 in
670 2235 865 2272 consiliis
894 2235 1132 2282 capiendis,
1156 2231 1224 2271 i.e.
1247 2231 1305 2271 de
1333 2230 1564 2281 pernicie
1591 2242 1722 2279 mea3

224 2289 271 2325 in
297 2296 346 2325 re
373 2288 580 2334 gerenda,
613 2285 687 2325 i.e.
717 2285 770 2324 in
797 2297 871 2325 me
899 2285 1154 2325 eiciendo.
1219 2285 1294 2325 We
1319 2287 1435 2324 must
1460 2283 1726 2323 understand
1793 2284 1795 2324 i

224 2339 270 2378 in
288 2338 361 2378 the
380 2339 538 2378 former
556 2339 698 2378 clause
717 2341 782 2378 uti
800 2339 911 2378 from
930 2339 1005 2379 the
1024 2352 1194 2379 usurum
1212 2352 1293 2379 esse
1315 2339 1361 2378 of
1376 2338 1450 2378 the
1470 2338 1640 2377 second.

304 2431 333 2471 1.
351 2431 417 2471 16.
464 2436 702 2472 exercituin
721 2437 768 2473 in
787 2434 935 2484 Italia]
963 2433 1153 2473 Caesar
1171 2431 1389 2472 remained
1403 2431 1508 2471 with
1521 2431 1590 2471 his
1604 2444 1726 2482 army
1750 2466 1759 2480 ,
1791 2421 1793 2464 3

226 2486 271 2526 in
299 2485 373 2525 the
400 2484 747 2534 neighbourhood
775 2487 821 2526 of
846 2488 993 2535 Rome,
1023 2486 1135 2527 until
1165 2485 1338 2526 Clodius
1364 2486 1452 2526 had
1470 2485 1632 2526 carried
1655 2485 1726 2526 his
1790 2518 1793 2534 ,

226 2540 302 2580 bill
321 2539 451 2579 about
471 2539 616 2578 Cicero
636 2540 722 2579 and
742 2540 862 2580 Cato.

306 2636 335 2675 1.
366 2636 430 2677 17.
504 2639 672 2684 privati
702 2637 732 2686 )(
763 2635 948 2676 armati
985 2648 1034 2675 or
1064 2647 1174 2675 cum
1206 2634 1438 2685 imperio,
1469 2647 1516 2674 as
1545 2645 1726 2685 appears
1778 2626 1792 2694 Ξ

227 2690 338 2729 from
362 2687 436 2729 the
462 2689 532 2728 old
558 2689 742 2729 formula
765 2689 876 2729 from
904 2689 977 2730 the
1005 2691 1213 2729 censoriae
1243 2691 1408 2729 tabulae
1437 2687 1482 2728 in
1512 2688 1646 2727 Varro
1675 2687 1725 2727 de
1788 2699 1792 2721 ἑ

226 2743 258 2782 L
277 2743 308 2782 l.
327 2755 371 2782 VI
391 2745 413 2792 ξ
432 2743 507 2784 86:
536 2755 667 2783 omnes
690 2744 1080 2795 Quirites,pedites,
1101 2749 1315 2783 armatos
1337 2744 1720 2794 privatosque...
1787 2744 1790 2775 ἑ

226 2809 327 2837 voca
346 2798 538 2836 inlicium
558 2798 635 2837 huc
655 2798 711 2837 ad
731 2810 803 2838 me.

1796 185 1811 251 «μ
1788 0 1812 172 'fen-—
