1812 2950
179 149 259 204 >30
559 149 630 196 M.
682 150 896 197 TULLI
940 148 1328 198 CICERONIS

191 275 391 322 videant
435 292 522 338 per
567 277 825 324 tribunum
870 278 1085 340 aliquem
1131 282 1183 324 et
1229 283 1471 344 sescentas
1517 294 1688 340 operas

193 371 243 402 se
266 356 479 403 fortunis
502 357 701 418 spoliari
724 363 773 404 et
796 374 946 420 regno
970 358 1106 404 omni
1128 374 1264 420 posse
1287 358 1464 405 nudari
1483 360 1493 406 1

105 436 164 483 60
288 437 556 486 XXVIII.
630 437 706 484 At
729 439 877 485 etiam
901 455 958 486 eo
982 439 1178 502 negotio
1203 439 1272 486 M.
1303 439 1503 486 Catonis
1527 440 1686 503 splen-

190 518 354 565 dorem
383 518 629 565 maculare
658 519 926 566 voluerunt
964 519 1137 582 ignari,
1147 521 1268 583 quid
1297 521 1525 582 gravitas,
1563 522 1683 583 quid

189 600 460 662 integritas,
487 601 605 663 quid
628 601 915 663 magnitudo
939 602 1106 662 animi,
1133 602 1254 664 quid
1277 602 1487 664 denique
1521 603 1680 650 virtus
1708 620 1728 650 5

187 681 386 740 valeret,
448 696 573 743 quae
620 680 674 726 in
730 686 1020 743 tempestate
1077 697 1223 728 saeva
1279 682 1447 744 quieta
1504 688 1578 729 est
1632 689 1682 730 et
1804 671 1806 674 ‚

185 761 315 808 lucet
359 761 414 806 in
454 761 668 807 tenebris
704 766 754 808 et
786 762 927 823 pulsa
971 762 1075 810 loco
1115 768 1282 810 manet
1320 768 1488 810 tamen
1533 769 1681 826 atque

186 842 354 889 haeret
397 842 452 888 in
488 842 648 904 patria
686 841 1006 904 splendetque
1042 858 1131 905 per
1165 858 1267 889 sese
1305 859 1494 905 semper
1523 859 1682 906 neque

186 923 360 970 alienis
383 938 614 984 umquam
635 923 859 970 sordibus
873 923 1141 972 obsolescit.
1180 923 1298 971 Non
1314 924 1390 970 illi
1407 924 1680 971 ornandum

186 1002 257 1050 M.
286 1001 534 1061 Catonem,
562 1002 647 1049 sed
676 1002 1008 1065 relegandum,
1034 1018 1124 1050 nec
1163 1003 1240 1049 illi
1276 1004 1682 1051 committendum
1710 1022 1748 1052 10
1802 1067 1803 1070 Ἰ

184 1083 309 1130 illud
342 1085 607 1146 negotium,
635 1084 716 1130 sed
753 1083 1104 1146 imponendum
1144 1089 1461 1147 putaverunt,
1500 1086 1587 1148 qui
1625 1087 1681 1133 in

185 1164 411 1212 contione
467 1164 629 1226 palam
688 1165 909 1212 dixerint
955 1165 1175 1227 linguam
1232 1182 1281 1212 se
1327 1167 1548 1214 evellisse
1603 1168 1673 1216 M.

183 1244 372 1303 Catoni,
399 1259 524 1306 quae
547 1260 737 1306 semper
760 1250 930 1291 contra
964 1246 1378 1292 extraordinarias
1411 1252 1679 1309 potestates

180 1325 335 1372 libera
373 1325 559 1371 fuisset.
656 1325 897 1384 Sentient,
946 1330 1005 1372 ut
1049 1342 1202 1388 spero,
1260 1325 1400 1372 brevi
1444 1332 1675 1390 tempore,

180 1422 375 1453 manere
421 1406 702 1453 libertatem
748 1406 900 1466 illam,
948 1411 1097 1469 atque
1146 1406 1239 1454 hoc
1284 1407 1447 1466 etiam,
1485 1408 1528 1454 si
1571 1409 1680 1455 fieri
1707 1426 1744 1456 15
1799 1399 1801 1443 ἶ

178 1487 411 1550 potuerit,
471 1503 575 1535 esse
633 1487 880 1545 maiorem,
928 1488 1058 1550 quod
1104 1505 1216 1543 cum
1250 1489 1531 1536 consulibus
1575 1491 1677 1537 illis

179 1567 250 1615 M.
291 1567 427 1625 Cato,
462 1568 610 1613 etiam
635 1583 746 1613 cum
780 1567 877 1615 iam
913 1568 1214 1630 desperasset
1253 1568 1440 1630 aliquid
1471 1572 1676 1617 auctori-

178 1653 280 1695 tate
326 1665 413 1694 sua
457 1648 627 1710 profici
671 1664 823 1710 posse,
873 1654 1042 1695 tam-en
1086 1665 1205 1696 voce
1249 1649 1356 1711 ipsa
1399 1666 1454 1697 ac
1512 1650 1676 1699 dolore

177 1730 418 1791 pugnavit
459 1734 509 1775 et
537 1733 649 1791 post
677 1744 841 1775 meum
871 1729 1134 1776 discessum
1166 1729 1229 1777 iis
1252 1729 1481 1777 Pisonem
1512 1732 1675 1780 verbis

175 1809 296 1855 flens
330 1825 493 1855 meum
531 1813 582 1856 et
616 1809 688 1855 rei
722 1810 946 1870 publicae
980 1826 1146 1856 casum
1195 1811 1411 1871 vexavit,
1445 1817 1502 1858 ut
1538 1812 1680 1859 illum
1704 1829 1743 1859 20

177 1889 421 1936 hominem
445 1889 828 1951 perditissimum
851 1894 999 1952 atque
1013 1890 1493 1952 impudentissimum
1521 1908 1674 1954 paene

90 1969 148 2017 61
172 1969 271 2016 iam
327 1970 606 2032 provinciae
664 1970 952 2030 paeniteret.
1035 1973 1048 1995 ‘
1068 1969 1169 2016 Cur
1223 1970 1378 2032 igitur
1432 1973 1674 2034 rogationi

177 2050 396 2113 paruit‘l'
432 2047 585 2104 Quasi
632 2066 748 2097 vero
793 2051 880 2098 ille
914 2067 1015 2098 non
1047 2050 1102 2097 in
1142 2051 1263 2098 alias
1300 2068 1492 2115 quoque
1529 2053 1671 2115 leges,

176 2144 296 2192 quas
332 2129 516 2176 iniuste
546 2134 739 2192 rogatas
779 2135 993 2192 putaret,
1031 2130 1130 2177 iam
1167 2136 1283 2178 ante
1319 2132 1529 2180 iurarit!
1557 2131 1675 2181 Non
1792 2188 1793 2192 Ἰ

176 2208 319 2255 offert
352 2224 403 2255 se
434 2209 518 2255 ille
552 2209 660 2255 istis
694 2210 1072 2269 temeritatibus,
1097 2215 1168 2270 ut,
1207 2228 1318 2258 cum
1346 2213 1418 2259 rei
1449 2213 1673 2277 publicae
1700 2230 1739 2262 25
1790 2275 1792 2279 ι

177 2287 303 2334 nihil
348 2291 516 2351 prosit,
565 2306 616 2337 se
663 2290 760 2337 civi
805 2307 908 2337 rem
940 2292 1190 2353 publicam
1234 2293 1410 2355 privet.
1461 2293 1672 2342 Consule

176 2384 253 2414 me
289 2385 399 2415 cum
435 2376 561 2417 esset
595 2371 879 2433 designatus
913 2373 1142 2418 tribunus
1189 2373 1359 2434 plebis,
1397 2374 1578 2420 obtulit
1616 2375 1671 2421 in

176 2449 435 2496 discrimen
471 2451 626 2498 vitam
661 2466 829 2500 suam:
870 2453 1001 2499 dixit
1040 2469 1149 2500 eam
1182 2454 1489 2511 sententiam,
1532 2455 1670 2503 cuius

174 2530 411 2576 invidiam
459 2533 633 2595 capitis
670 2534 886 2598 periculo
932 2534 1025 2580 sibi
1061 2536 1402 2596 praestandam
1442 2536 1668 2598 videbat3

176 2611 305 2657 dixit
341 2612 685 2676 vehementem
724 2616 825 2677 egit
861 2615 1050 2673 acriter,
1115 2631 1176 2663 ,ea
1211 2632 1334 2677 quae
1369 2617 1522 2664 sensit
1554 2635 1670 2681 prae
1697 2637 1736 2667 30
1786 2649 1789 2673 ρ

177 2706 226 2736 se
263 2691 413 2750 tulit3
447 2693 563 2753 dux,
591 2700 776 2755 auctor,
803 2700 938 2741 actor
978 2711 1143 2742 rerum
1180 2696 1378 2742 illarum
1417 2696 1529 2757 fuit,
1568 2714 1666 2745 non
1786 2679 1788 2691 l

176 2786 272 2832 quo
316 2772 587 2834 periculum
634 2791 779 2822 suum
822 2791 924 2822 non
969 2775 1173 2834 videret,
1210 2776 1292 2823 sed
1329 2776 1383 2822 in
1416 2781 1558 2826 tanta
1596 2780 1667 2827 rei
