1812 2950
255 155 389 204 PRO
425 155 484 203 P.
523 151 767 202 SESTIO
809 149 1067 199 ORATIO
1102 151 1149 211 §g
1187 148 1445 197 137-141
1545 146 1607 195 69

98 287 214 335 haec
254 287 475 348 legimus
525 285 702 347 Neque
743 299 825 332 eos
865 283 920 330 in
954 282 1100 329 laude
1146 280 1333 343 positos
1370 279 1607 335 videmus,

97 368 183 430 qui
206 367 480 413 incitarunt
503 364 769 427 aliquando
792 363 963 426 populi
986 363 1176 409 animos
1207 361 1271 408 ad
1302 360 1605 417 seditionem,

98 451 186 494 aut
221 448 307 508 qui
341 445 600 508 largitione
635 449 897 491 caecarunt
931 448 1119 490 mentes
1142 442 1495 504 imperitorum,
1520 446 1609 487 aut

97 527 184 590 qui
207 526 352 574 fortis
375 532 426 574 et
449 527 603 573 claros
626 526 759 572 viros
784 530 834 572 et
857 526 981 572 bene
1005 525 1065 571 de
1095 540 1149 571 re
1180 522 1377 586 publica
1403 521 1609 569 meritos

53 623 73 654 5
101 608 156 655 in
190 608 431 655 invidiam
467 608 684 670 aliquam
720 613 1034 654 vocaverunt.
1111 606 1257 653 Levis
1296 605 1385 652 hos
1420 619 1610 666 semper

97 689 256 736 nostri
278 688 502 736 homines
526 693 577 734 et
599 688 808 736 audaces
825 694 874 735 et
898 688 1052 735 malos
1085 692 1136 734 et
1167 685 1464 749 perniciosos
1487 683 1610 731 civis

98 775 415 832 putaverunt.
464 770 538 818 At
572 787 688 817 vero
723 771 812 832 qui
844 771 1022 816 horum
1056 770 1273 832 impetus
1313 772 1365 815 et
1403 773 1609 815 conatus

98 857 447 914 represserunt,
473 852 561 915 qui
595 853 906 910 auctoritate,
933 852 1019 914 qui
1053 851 1162 909 fide,
1193 851 1279 913 qui
1313 849 1606 908 constantia,

99 933 184 994 qui
206 932 548 994 magnitudine
579 932 734 979 animi
761 932 978 980 consiliis
1009 931 1269 979 audacium
1298 930 1607 988 restiterunt,

37 1026 72 1059 ιο
100 1011 152 1058 hi
189 1028 375 1075 graves,
413 1012 466 1059 hi
505 1013 766 1075 principes,
809 1013 864 1060 hi
902 1013 1064 1072 duces,
1107 1012 1161 1059 hi
1200 1018 1423 1058 auctores
1459 1010 1608 1057 huius

100 1092 355 1156 dignitatis
378 1098 528 1157 atque
550 1095 748 1157 imperii
772 1110 968 1156 semper
990 1093 1154 1141 habiti
1176 1097 1306 1140 sunt.

198 1172 423 1221 LXVII.
496 1174 576 1222 Ac
621 1191 683 1222 ne
729 1175 841 1238 quis
887 1192 950 1222 ex
994 1180 1163 1221 nostro
1201 1179 1288 1220 aut
1334 1172 1610 1236 aliquorum
1636 1171 1726 1219 140

12 1258 14 1302 ἒ
98 1258 350 1315 praeterea
384 1270 499 1301 casu
534 1255 662 1302 hanc
696 1256 831 1302 vitae
867 1256 1001 1302 viam
1035 1255 1366 1318 pertimescat,
1391 1269 1522 1300 unus
1556 1254 1611 1299 in

99 1333 188 1380 hac
228 1335 446 1394 civitate,
480 1351 626 1398 quem
659 1336 859 1398 quidem
892 1352 980 1399 ego
1018 1352 1221 1399 possum
1257 1335 1432 1393 dicere,
1446 1320 1610 1396 *prae-

35 1429 72 1460 15
101 1414 227 1460 clare
261 1415 341 1461 vir
375 1415 435 1462 de
469 1431 524 1463 re
557 1417 757 1478 publica
790 1417 1009 1476 meritus,
1038 1416 1092 1464 L.
1122 1415 1361 1478 Opimius,
1372 1414 1609 1477 indignis-

100 1494 221 1541 sime
261 1496 503 1545 concidit:
553 1497 693 1544 cuius
733 1502 1111 1544 monumentum
1147 1496 1518 1544 celeberrimum
1554 1495 1610 1542 in

101 1574 222 1634 foro,
260 1577 538 1639 sepulcrum
573 1577 958 1624 desertissimum
1003 1577 1060 1623 in
1095 1577 1242 1624 litore
1286 1575 1604 1638 Dyrrachino

99 1656 324 1704 relictum
364 1663 448 1706 est.
521 1659 693 1722 Atque
723 1659 856 1706 hunc
891 1665 1059 1706 tamen
1093 1659 1384 1721 flagrantem
1418 1658 1610 1705 invidia

101 1742 300 1799 propter
337 1738 598 1786 interitum
646 1740 699 1788 O.
750 1740 962 1788 Gracchi
1007 1756 1200 1803 semper
1250 1740 1355 1802 ipse
1399 1739 1612 1802 populus

0 1833 74 1864 “20
105 1817 358 1866 Romanus
403 1820 620 1881 periculo
677 1821 940 1881 liberavit;
997 1821 1097 1868 alia
1153 1821 1396 1883 quaedam
1452 1820 1611 1867 civem

102 1900 350 1962 egregium
370 1901 532 1964 iniqui
554 1902 727 1949 iudicii
749 1904 963 1971 procella
986 1904 1241 1966 pervertit.
1306 1902 1472 1950 Ceteri
1493 1919 1610 1949 vero

100 1985 200 2035 aut,
217 1983 476 2044 repentina
507 1983 559 2030 vi
598 1985 810 2046 perculsi
845 2001 900 2031 ac
933 1989 1230 2048 tempestate
1258 1984 1496 2047 populari,
1523 2000 1612 2047 per

24 2107 25 2113 ,
102 2062 336 2124 populum
374 2067 542 2110 tamen
578 2064 740 2127 ipsum
781 2066 989 2112 recreati
1025 2070 1145 2112 sunt
1185 2070 1335 2128 atque
1375 2066 1607 2125 revocati,

101 2147 187 2188 aut
238 2142 436 2190 omnino
491 2144 792 2193 invulnerati
846 2145 1178 2209 inviolatique
1235 2147 1485 2198 vixerunt.
1536 2146 1614 2194 At

34 2236 73 2268 25
98 2238 213 2270 vero
250 2223 301 2282 ii,
325 2224 413 2287 qui
436 2231 638 2274 senatus
661 2227 935 2286 consilium,
962 2229 1050 2291 qui
1079 2228 1429 2276 auctoritatem
1458 2230 1609 2277 bono-

100 2318 222 2361 rum,
248 2305 334 2366 qui
367 2303 601 2353 instituta
630 2307 874 2354 maiorum
900 2309 1227 2372 neglexerunt
1266 2313 1319 2356 et
1355 2310 1613 2372 imperitae

28 2404 29 2458 ς
99 2388 186 2429 aut
230 2384 500 2433 concitatae
545 2387 860 2435 multitudini
903 2389 1109 2435 iucundi
1166 2405 1270 2436 esse
1330 2391 1608 2449 voluerunt,

101 2480 265 2512 omnes
300 2466 402 2514 fere
438 2468 512 2514 rei
550 2470 777 2531 publicae
816 2486 1000 2533 poenas
1039 2476 1129 2518 aut
1165 2472 1414 2534 praesenti
1453 2477 1612 2519 morte

100 2550 187 2592 aut
219 2548 355 2610 turpi
388 2549 563 2598 exsilio
597 2551 950 2615 dependerunt.
1037 2553 1181 2611 Quod
1210 2554 1254 2601 si
1290 2555 1422 2616 apud
1454 2554 1613 2601 Athe·
1642 2555 1730 2603 141

36 2638 76 2671 ³0
103 2625 300 2686 niensis,
327 2628 549 2677 homines
580 2629 807 2690 Graecos,
830 2632 975 2695 longe
998 2648 1028 2679 a
1049 2640 1332 2681 nostrorum
1357 2634 1610 2682 hominum

99 2706 344 2767 gravitate
390 2708 647 2767 diiunctos
682 2727 784 2758 non
831 2711 1038 2760 deerant
1084 2714 1172 2776 qui
1213 2730 1316 2761 rem
1363 2714 1608 2777 publicam

100 2792 269 2835 contra
304 2790 475 2852 populi
519 2793 850 2840 temeritatem
897 2794 1232 2853 defenderent,
1277 2812 1388 2843 cum
1426 2812 1609 2859 omnes,
