1812 2950
133 138 179 208 8,-
491 138 563 187 M.
615 137 833 186 TULLI
877 137 1263 189 CICERONIS

130 283 234 314 esse
266 266 543 333 facturumz
578 267 710 329 quod
744 267 829 315 ille
864 269 1095 329 nefarius,
1133 287 1195 318 ex
1232 272 1451 318 omnium
1487 272 1631 320 scele-

129 364 240 394 rum
287 332 563 395 cb'llii'issione
608 352 770 406 natus,
807 364 983 410 parum
1030 366 1081 397 se
1116 325 1293 399 (foedus
1327 353 1630 400 violaturum

129 431 401 478 arbitratus
425 435 512 489 est,
540 429 638 475 nisi
659 429 821 491 ipsum
852 436 1102 478 cautorem
1127 431 1278 479 alieni
1300 434 1506 495 periculi
1529 436 1632 482 suis

45 516 106 566 16
129 514 341 578 propriis
381 512 616 576 periculis
661 513 933 560 terruisset.
1007 513 1159 561 Hanc
1206 521 1417 587 taetram
1463 518 1631 564 imma-

128 611 339 658 nemque
387 595 585 642 beluam
632 594 853 641 vinctam
901 595 1147 657 auspiciis,
1197 596 1452 658 alligatam
1497 614 1631 646 more
1651 616 1673 648 5

129 678 384 732 maiorum,
412 676 729 723 constrictam
752 676 916 738 legum
949 680 1252 723 sacratarum
1276 655 1462 726 &lenis
1485 679 1633 746 solvit
1642 717 1658 755 9

130 759 295 805 subito
329 758 435 820 lege
470 758 662 804 curiata
699 757 882 818 consul,
918 757 1014 816 vel,
1047 763 1105 805 ut
1139 774 1226 820 ego
1260 759 1486 818 arbitror,
1523 746 1633 808 cifo-

130 844 268 885 ratus
291 838 386 898 vel,
421 843 481 884 ut
511 853 614 885 non
645 853 791 884 nemo
820 838 1045 900 putabat,
1072 837 1198 884 mihi
1232 838 1404 897 iratus,
1431 839 1633 902 ignarus

129 919 330 982 quidem
366 923 497 965 certe
537 922 589 964 et
623 918 911 980 imprudens
948 912 1345 980 impendentium
1378 924 1633 968 tantorum

130 1000 369 1047 scelerum
403 1004 454 1046 et
487 998 744 1045 malorum.
823 998 922 1055 Qui
956 998 1192 1045 tribunus
1231 1000 1388 1062 plebis
1421 1000 1547 1048 felix
1579 1003 1635 1049 in
1655 1017 1697 1050 10

130 1080 397 1128 evertenda
419 1095 472 1126 re
495 1079 693 1142 publica
715 1079 824 1139 fuit,
851 1080 1004 1127 nullis
1028 1081 1130 1127 suis
1153 1081 1475 1144 nervis—qui
1503 1083 1634 1130 enim

129 1163 184 1210 in
206 1163 313 1210 eius
335 1162 469 1208 modi
483 1161 588 1208 vita
602 1161 745 1208 nervi
763 1177 866 1208 esse
881 1166 1155 1223 potuerunt
1169 1162 1384 1210 hominis
1399 1157 1634 1219 fraternis

131 1243 345 1307 flagitiis,
375 1243 573 1291 sororiis
599 1243 799 1305 stupris,
827 1243 963 1290 omni
985 1244 1213 1291 inaudita
1235 1244 1448 1310 libidine}
1465 1261 1636 1293 exsan-

50 1329 109 1378 1'7
131 1329 240 1391 guis
261 1325 435 1374 oe—sed
480 1324 581 1371 fuit
625 1324 843 1387 profecto
885 1325 1126 1387 quaedam
1164 1325 1252 1371 illa
1289 1325 1361 1372 rei
1407 1327 1636 1388 publicae

132 1409 333 1455 fortuna
354 1405 534 1460 fatalis,
559 1410 617 1451 ut
639 1404 724 1451 ille
749 1421 920 1452 caecus
943 1410 1094 1467 atque
1116 1421 1285 1453 amens
1309 1406 1543 1454 tribunus
1567 1407 1631 1469 pl.
1656 1418 1696 1452 15
1780 1436 1782 1438 -

132 1486 686 1549 nancisceretur—quid
710 1486 908 1534 dicam?
932 1486 1188 1535 consules?
1245 1466 1441 1535 Elbcine
1464 1492 1524 1535 ut
1547 1504 1636 1551 ego

133 1562 358 1618 nomine*
371 1554 610 1630 appellem
644 1574 900 1614 'eversores
934 1566 1083 1614 huius
1118 1567 1325 1630 imperii,
1365 1570 1638 1631 perditores

134 1657 327 1700 vestrae
365 1649 639 1713 dignitatis,
688 1649 852 1695 hostes
888 1649 1131 1709 bonorum
1166 1651 1401 1709 omnium,
1451 1652 1538 1714 qui
1574 1652 1637 1699 ad

135 1729 396 1778 delendum
434 1731 677 1784 senatum,
714 1705 1048 1788 adffi'gendm
1086 1733 1362 1789 equestrem
1397 1729 1635 1789 ordinem,

136 1808 493 1871 exstinguenda
527 1807 692 1854 omnia
726 1806 837 1854 iura
870 1810 1020 1869 atque
1051 1806 1286 1854 instituta
1313 1808 1556 1856 maiorum
1587 1825 1638 1856 se
1658 1820 1700 1853 20

135 1892 235 1939 illis
291 1890 507 1937 fascibus
552 1889 823 1951 ceterisque
877 1888 1155 1950 insignibus
1214 1890 1394 1936 summi
1438 1890 1640 1938 honoris

136 1976 287 2034 atque
326 1968 524 2032 imperii
565 1973 766 2015 ornatos
806 1983 910 2014 esse
945 1968 1329 2015 arbitrabantur.
1399 1969 1636 2029 Quorum3

136 2068 223 2116 per
260 2051 375 2098 deos
411 2049 738 2096 immortales!
781 2049 823 2096 si
859 2049 1082 2095 nondum
1114 2049 1296 2096 scelera
1337 2050 1641 2114 vulneraque

136 2130 304 2176 inusta
339 2126 411 2174 rei
438 2126 664 2189 publicae
687 2125 840 2172 vultis
873 2125 1132 2183 recordari,
1158 2125 1355 2172 vultum
1388 2131 1537 2188 atque
1569 2124 1649 2173 in&

137 2225 321 2257 cessum
353 2207 531 2254 animis
558 2206 847 2266 intuemini;
879 2206 1073 2253 facilius
1107 2222 1278 2253 eorum
1314 2206 1448 2254 facta
1468 2224 1640 2273 occur·
1658 2226 1700 2259 25

138 2293 253 2337 rent
281 2288 530 2335 mentibus
561 2289 753 2347 vestris,
781 2288 824 2334 si
847 2304 930 2334 ora
962 2288 1071 2350 ipsa
1093 2288 1248 2356 oculis
1259 2265 1636 2376 proposueritis.

54 2373 115 2422 18
138 2369 294 2417 VIII.
373 2367 523 2415 Alter
558 2367 827 2430 unguentis
866 2357 1082 2427 affluens,
1117 2340 1448 2414 cafaiiiistrata
1486 2382 1637 2423 coma,

139 2450 410 2513 despiciens
445 2448 662 2495 conscios
707 2453 993 2510 stuprorum
1040 2463 1096 2494 ac
1141 2452 1336 2494 veteres
1380 2452 1641 2494 vexatores

139 2530 386 2580 aetatulae
411 2544 540 2587 suae,
567 2529 756 2590 puteali
779 2534 830 2575 et
856 2515 1226 2575 faeneratorum·
1246 2527 1478 2589 gregibus
1505 2527 1641 2574 infia-

140 2617 235 2669 tus,
262 2626 292 2656 a
313 2608 494 2672 quibus
518 2607 798 2669 compulsus
823 2607 954 2665 olim,
981 2623 1043 2653 ne
1075 2607 1128 2652 in
1154 2606 1376 2667 Scyllaeo
1406 2606 1493 2652 illo
1516 2606 1642 2653 aeris
1661 2625 1703 2657 30
1788 2665 1790 2668 Α

142 2690 291 2739 alieni
315 2695 569 2750 tamquam
595 2684 689 2753 [in]
713 2687 845 2734 fretu
869 2687 931 2733 ad
954 2687 1230 2734 columnam
1255 2687 1639 2746 adhaeresceret,

143 2774 198 2820 in
219 2771 505 2819 tribunatus
528 2774 727 2831 portum
759 2769 1052 2831 perfugerat,
1080 2769 1425 2816 contemnebat
1453 2768 1643 2831 equites
