1812 2950
319 129 456 179 PRO
493 129 548 177 P.
589 126 834 178 SESTIO
874 125 1131 176 ORATIO
1166 127 1211 188 §g
1250 127 1443 174 20--25
1573 127 1628 175 11

132 260 341 323 demque
377 260 621 322 praeclare
662 258 822 305 dicere
863 256 1027 303 aiebat
1067 237 1303 318 811111ἔοῑὶ8
1343 255 1509 302 omnia
1548 271 1636 302 sua

132 358 277 389 causa
311 342 486 399 facere,
523 355 625 387 rem
661 338 929 401 publicam
946 352 1193 400 capessere
1227 336 1477 383 hominem
1512 337 1635 383 bene

131 438 306 469 sanum
346 438 447 469 non
488 426 724 484 oportere,
769 418 896 465 nihil
937 434 1040 465 esse
1087 394 1434 480 praestabihus
1480 418 1637 464 otiosa

132 504 252 563 vita,
286 503 432 566 plena
464 508 515 550 et
546 501 768 550 conferta
800 500 1171 563 voluptatibus,
1213 515 1294 547 608
1329 505 1512 558 autem,
1550 501 1636 562 qui

89 597 110 629 5
132 585 353 631 dicerent
377 582 612 646 dignitati
636 597 740 629 esse
764 581 1095 639 serviendum,
1123 580 1195 628 rei
1218 581 1444 644 publicae
1469 597 1636 628 consu

131 665 346 725 lendum,
385 664 530 713 officii
564 663 806 710 rationem
840 662 895 709 in
930 662 1065 710 0111111
1102 661 1218 720 vita,
1257 678 1358 709 non
1395 630 1637 709 Soffiincdi

132 761 235 794 esse
270 746 555 805 ducendam,
593 744 818 791 adeunda
848 759 938 807 pro
970 743 1133 806 patria
1163 743 1396 805 pericula,
1430 743 1637 790 vulnera

133 828 433 892 excipienda,
460 834 670 874 mortem
697 826 1037 888 oppetendam,
1059 825 1323 872 vaticinari
1346 830 1495 887 atque
1512 824 1637 871 insa-

132 909 240 957 nire
271 909 477 956 dicebat.
550 908 631 955 Ex
662 908 739 954 his
772 908 983 955 assiduis
1015 908 1121 955 eius
1154 907 1511 970 cotidianisque
1544 923 1638 954 ser·
1659 908 1722 955 24

72 1003 112 1035 10
133 989 362 1037 monibus
397 994 447 1035 et
483 988 614 1051 quod
650 988 891 1047 videbam,
930 989 1223 1051 quibuscum
1259 988 1544 1034 hominibus
1584 988 1639 1034 in

131 1070 368 1118 interiore
392 1075 533 1132 parte
557 1068 754 1115 aedium
778 1069 984 1127 viveret,
1012 1075 1062 1116 et
1085 1069 1218 1132 quod
1241 1069 1313 1116 ita
1337 1069 1548 1116 domus
1534 1085 1639 1131 ipsa

132 1151 373 1211 fumabat,
405 1157 463 1198 ut
494 1151 654 1198 multa
686 1152 791 1198 eius
823 1150 1100 1198 'l’sermonis
1132 1151 1315 1198 indicia
1347 1150 1638 1208 redolerent,

133 1233 411 1280 statuebam
435 1232 518 1290 816,
546 1232 663 1278 100111
688 1231 815 1277 1111111
839 1233 901 1278 ab
926 1232 1026 1278 illis
1041 1208 1216 1294 iiusgls
1235 1232 1635 1294 exspectandum,

132 1313 252 1360 mali
275 1312 474 1376 quidem
500 1318 631 1359 certe
654 1312 781 1358 nihil
804 1313 1262 1375 pertimescendum.
1336 1312 1433 1360 Sed
1456 1313 1529 1360 ita
1547 1319 1635 1373 est,

73 1412 113 1445 15
132 1396 344 1443 iudices:
383 1395 475 1455 Ut,
513 1395 554 1441 si
587 1395 804 1457 gladium
834 1411 987 1457 parvo
1019 1411 1170 1457 puero
1199 1399 1288 1442 aut
1318 1395 1361 1442 si
1392 1395 1639 1442 imbecillo

134 1478 240 1525 seni
264 1482 353 1524 aut
377 1476 528 1523 debili
552 1476 758 1536 dederis,
782 1476 887 1538 ipse
910 1475 1100 1538 impetu
1125 1492 1212 1523 suo
1236 1476 1426 1523 nemini
1449 1483 1636 1536 noceat,

135 1560 214 1606 sin
254 1559 317 1606 ad
357 1558 549 1605 nudum
590 1558 670 1605 vel
710 1558 971 1605 fortissimi
1010 1558 1107 1604 viri
1147 1574 1323 1620 corpus
1365 1559 1638 1619 accesserit,

136 1640 290 1703 possit
318 1639 429 1701 ,acie
463 1639 570 1702 ipsa
605 1642 656 1685 et
689 1638 808 1685 ferri
843 1639 1054 1705 viribus)
1069 1638 1358 1688 vulnerare:
1406 1639 1488 1698 sic,
1527 1655 1638 1686 cum

137 1720 419 1767 hominibus
467 1718 714 1766 enervatis
746 1715 910 1781 'atque
964 1719 1299 1781 exsanguibus
1354 1719 1640 1766 consulatus

73 1803 388 1863 20(tamquam
417 1800 623 1863 gladius)
641 1806 770 1847 esset
802 1801 964 1858 datus,
998 1800 1084 1863 qui
1116 1816 1204 1863 per
1234 1816 1286 1847 86
1317 1816 1537 1863 pungere
1560 1817 1633 1849 ne-

136 1883 321 1929 minem
357 1897 591 1943 umquam
622 1882 914 1943 potuissent,
949 1881 988 1928 ii
1018 1881 1199 1928 summi
1222 1881 1417 1944 imperii
1441 1882 1641 1929 nomine

136 1963 315 2009 armati
333 1962 570 2007 nudatam
589 1977 692 2007 rem
711 1961 958 2024 publicam
978 1949 1398 2008 contrucidarunt.
1448 1961 1642 2010 Foedus

137 2043 364 2091 fecerunt
387 2057 499 2089 cum
523 2042 726 2088 tribuno
751 2041 908 2104 plebis
932 2043 1109 2104 palam,
1130 2048 1188 2088 ut
1206 2043 1268 2088 ab
1288 2058 1344 2089 eo
1362 2043 1642 2105 provincias

138 2124 432 2187 acciperent,
468 2139 587 2186 quas
619 2123 717 2217 ipsi
746 2123 946 2213 vellen}
982 2124 1257 2170 exercitum
1291 2128 1341 2170 et
1364 2124 1639 2185 pecuniam,

77 2223 117 2256 25
139 2211 377 2269 quantam
409 2199 666 2264 vellent,
646 2220 703 2251 ea
692 2179 852 2266 μ1686,
886 2219 929 2251 81
959 2204 1056 2266 ipsi
1091 2203 1229 2266 prius
1260 2204 1463 2251 tribuno
1489 2205 1643 2267 plebis

140 2288 389 2335 adfiictam
427 2294 478 2333 et
519 2265 838 2333 cbnstfictam
874 2302 977 2333 rem
1017 2286 1265 2376 publicam
1303 2286 1638 2336 tradidissent.

139 2368 204 2415 Id
240 2374 409 2415 autem
449 2366 618 2413 foedus
658 2382 766 2413 meo
807 2366 1046 2429 sanguine
1078 2346 1254 2418 ictuml
1283 2367 1464 2413 sanciri
1504 2383 1643 2430 posse

141 2450 383 2498 dicebant.
457 2449 568 2506 Qua
590 2464 644 2495 re
668 2447 1144 2511 patefacta—neque
1176 2449 1309 2495 enim
1341 2449 1643 2497 dissimulari
1665 2450 1726 2498 25

141 2535 340 2577 tantum
373 2528 530 2575 scelus
565 2533 760 2590 poterat
792 2544 880 2575 nec
912 2522 1512 2592 latere—pffoffiissg'dntur
1543 2546 1642 2577 uno

80 2623 122 2658 ao
142 2609 408 2672 eodemque
449 2614 668 2670 tempore
709 2590 986 2670 rbgatidiies
1025 2609 1089 2655 ab
1129 2609 1299 2655 eodem
1343 2609 1542 2657 tribuno
1583 2610 1643 2657 de

142 2706 252 2737 mea
288 2689 503 2752 pernicie
541 2694 592 2736 et
629 2687 689 2735 de
727 2689 995 2753 provinciis
1033 2689 1291 2736 consulum
1331 2691 1639 2740 nominatim.

233 2740 427 2817 ‚fi‘sc
435 2754 571 2816 ptum
618 2776 818 2817 senatus
864 2757 954 2818 so‘l'l
948 2744 1119 2829 idias,
1162 2787 1264 2831 vos,
1308 2772 1498 2834 equites
1546 2772 1643 2820 Ro-
