1812 2950
286 146 421 195 PRO
456 146 512 194 P.
552 145 795 195 SESTIO
834 145 1092 195 ORATIO
1127 150 1172 209 §g
1208 149 1404 195 84-ὃὸ
1543 149 1607 197 43

103 291 167 323 ex
198 275 426 322 omnibus
458 275 648 321 civibus
672 274 871 322 videtur
893 291 946 322 re
970 275 1204 335 docuisse,
1230 293 1331 324 non
1354 278 1528 337 verbis,
1557 283 1607 326 et

103 358 222 421 quid
246 362 493 420 oporteret
516 373 546 404 a
569 357 935 419 praestantibus
959 357 1080 404 viris
1111 358 1165 404 in
1197 375 1249 405 re
1274 358 1471 420 publica
1502 359 1606 406 fieri

102 445 153 487 et
187 440 308 502 quid
342 454 537 487 necesse
577 444 733 485 esset:
783 443 1008 501 oportere
1048 438 1306 485 hominum
1347 439 1604 486 audacium

102 535 384 567 eversorum
413 518 485 566 rei
516 518 740 581 publicae
764 518 935 565 sceleri
964 518 1155 582 legibus
1179 523 1230 566 et
1253 519 1447 566 iudiciis
1470 521 1608 568 resis-

61 617 84 651 5
101 607 207 648 tere
223 574 318 672 ;[si
348 601 478 663 leges
509 615 610 646 non
641 598 876 656 valerent,
908 599 1091 646 iudicia
1123 616 1223 647 non
1255 608 1431 659 essent,
1458 601 1501 648 si
1531 618 1607 649 res

102 682 299 745 publica
322 681 375 727 vi
401 695 734 742 consensuque
762 680 1023 727 audacium
1052 680 1201 728 armis
1225 696 1455 744 oppressa
1476 686 1608 729 tene-

101 769 254 823 retur,
281 762 522 826 praesidio
555 767 607 808 et
639 761 792 823 copiis
825 760 1023 808 defendi
1055 762 1214 808 vitam
1246 767 1297 809 et
1327 762 1606 809 libertatem

102 860 297 892 necesse
312 860 428 891 esse.
485 843 598 890 Hoc
616 843 799 890 sentire
817 843 1110 906 prudentiae
1125 848 1214 901 est,
1232 843 1394 891 facere
1411 843 1608 890 fortitu-

103 926 247 985 dinis,
273 930 324 972 et
347 924 530 972 sentire
554 939 671 970 vero
694 928 744 969 et
767 923 926 970 facere
957 923 1202 986 perfectae
1234 924 1607 987 cumulataeque

12 1026 14 1064 ι
43 1021 83 1055 10
104 1008 318 1055 virtutis.
390 1006 541 1054 Adiit
564 1006 628 1053 ad
651 1022 756 1053 rem
778 1006 1029 1068 publicam
1057 1006 1289 1053 tribunus
1321 1007 1383 1068 pl.
1413 1007 1609 1054 Milo—
1628 1007 1689 1055 8¹7

12 1082 14 1088 ’
105 1088 185 1151 (de
208 1088 347 1136 cuius
369 1087 514 1134 laude
537 1087 681 1149 plura
704 1087 878 1146 dicam,
896 1103 997 1134 non
1015 1103 1111 1150 quo
1135 1093 1224 1134 aut
1246 1088 1350 1150 ipse
1374 1087 1493 1134 haec
1512 1087 1609 1134 dici

103 1185 250 1231 quam
285 1168 560 1215 existimari
594 1168 738 1214 malit
772 1173 860 1214 aut
895 1184 983 1231 ego
1018 1168 1149 1215 hunc
1187 1169 1349 1215 laudis
1389 1168 1607 1216 fructum

11 1224 14 1314 i
101 1250 347 1312 praesenti
382 1250 595 1296 libenter
635 1250 930 1310 impertiam,
971 1250 1257 1311 praesertim
1298 1266 1407 1296 cum
1444 1251 1609 1297 verbis

12 1319 13 1334 ³
101 1330 332 1393 consequi
367 1346 468 1377 non
508 1330 706 1392 possim,
744 1330 829 1376 sed
867 1330 996 1392 quod
1039 1330 1282 1389 existimo,
1320 1331 1362 1378 si
1378 1330 1609 1393 Milonis

43 1424 83 1458 15
103 1411 652 1469 causamaecusator-is
646 1427 798 1459 voce
809 1412 1171 1461 conlaudatam
1187 1410 1408 1475 probaro,
1401 1429 1566 1487 vos·
1555 1412 1609 1459 in

11 1432 14 1534 i
103 1492 193 1539 hoc
217 1491 421 1539 crimine
493 1507 634 1552 arem
647 1490 808 1550 Sesti
823 1508 1037 1552 causam
1038 1491 1447 1556 εζὶδίῦὶωειτιιτοε)
1455 1474 1610 1540 adiit

12 1557 13 1598 }
95 1508 603 1636 Tgfflssu}
602 1573 664 1620 ad
695 1590 891 1621 causam
916 1575 988 1620 rei
1011 1574 1237 1636 publicae
1261 1575 1344 1634 sic,
1369 1582 1429 1621 ut
1452 1575 1610 1622 civem

102 1654 290 1717 patriae
335 1670 622 1716 recuperare
669 1655 820 1702 vellet
867 1658 1105 1717 ereptum.
1179 1655 1400 1718 Simplex
1447 1672 1605 1716 causa,

102 1741 332 1783 constans
361 1735 501 1795 ratio,
528 1735 675 1798 plena
707 1735 1040 1782 consensionis
1063 1738 1299 1795 omnium,
1325 1738 1472 1800 plena
1496 1754 1608 1785 con-

42 1833 84 1866 20
102 1817 306 1866 cordiae.
370 1816 594 1879 Collegas
617 1816 868 1863 adiutores
891 1815 1130 1866 habebat:
1167 1818 1382 1865 consulis
1405 1819 1610 1867 alterius

103 1913 350 1945 summum
374 1898 608 1956 studium,
637 1897 842 1945 alterius
865 1898 1061 1945 animus
1084 1915 1238 1961 paene
1261 1899 1510 1962 placatus:
1549 1901 1611 1948 de

101 1979 408 2041 praetoribus
431 1994 560 2025 unus
584 1978 797 2027 alienus:
827 1983 1028 2025 senatus
1044 1979 1346 2027 incredibilis
1361 1981 1607 2040 voluntas,

102 2061 325 2123 equitum
349 2061 689 2108 Romanorum
714 2060 870 2108 animi
893 2062 957 2108 ad
980 2077 1177 2109 causam
1201 2063 1422 2124 excitati,
1449 2068 1610 2111 erecta

103 2141 266 2190 Italia.
339 2141 453 2189 Duo
477 2141 569 2189 soli
592 2148 734 2188 erant
757 2142 912 2204 empti
940 2142 1002 2188 ad
1030 2143 1397 2205 impediendum
1408 2163 1422 2205 3
1459 2145 1546 2208 qui
1569 2144 1610 2191 si

43 2242 82 2275 25
102 2224 322 2271 homines
354 2224 574 2286 despecti
605 2229 656 2270 et
691 2225 965 2287 contempti
999 2231 1192 2272 tantam
1228 2242 1333 2272 rem
1368 2227 1610 2274 sustinere

102 2320 202 2351 non
246 2304 535 2367 potuissent,
585 2319 637 2351 se
683 2320 892 2363 causam,
937 2321 1085 2367 quam
1131 2313 1424 2368 susceperat,
1471 2307 1611 2353 nullo

103 2385 267 2432 labore
285 2391 598 2448 peracturum
613 2385 826 2432 videbat.
890 2386 1088 2448 Agebat
1107 2387 1415 2446 auctoritate,
1434 2388 1610 2450 agebat

103 2465 319 2525 consilio,
340 2466 518 2528 agebat
541 2481 628 2528 per
652 2481 897 2512 summum
922 2466 1159 2525 ordinem,
1186 2468 1362 2528 agebat
1386 2467 1610 2530 exemplo

13 2587 15 2627 1
103 2547 343 2594 bonorum
374 2563 430 2594 ac
463 2547 667 2594 fortium
698 2547 911 2606 civium,
949 2548 1068 2611 quid
1097 2565 1149 2595 re
1177 2549 1388 2611 publiea,
1416 2549 1535 2612 quid
1558 2564 1609 2596 se

12 2635 17 2685 l
45 2642 86 2676 ³0
104 2625 308 2689 dignum
333 2632 474 2685 esset,
494 2628 605 2688 quis
622 2627 725 2689 ipse
744 2634 885 2685 esset,
902 2628 1021 2690 quid
1045 2644 1251 2691 sperare,
1270 2629 1389 2691 quid
1414 2629 1606 2676 maiori-

103 2706 198 2752 bus
220 2707 320 2753 suis
342 2707 544 2753 reddere
568 2707 780 2765 deberet,
807 2707 1182 2770 diligentissime
1206 2708 1464 2770 cogitabat.

206 2785 348 2835 XLI.
407 2786 542 2833 Huic
565 2786 802 2848 gravitati
818 2786 1032 2834 hominis
1050 2787 1247 2835 videbat
1265 2788 1349 2834 ille
1366 2788 1610 2851 gladiator
1632 2793 1696 2841 88

12 1719 14 1800 l

12 2465 15 2495 ἱ
