1812 2950
245 127 381 176 PRO
418 127 473 175 P.
513 124 758 175 SESTIO
798 123 1054 174 ORATIO
1087 126 1134 186 ἓξ
1172 123 1434 170 133-137
1536 121 1597 170 67

91 260 250 318 Quem
273 274 371 306 non
406 263 509 304 tam
538 256 767 315 admiror,
795 255 924 318 quod
949 270 1107 301 meam
1142 254 1301 316 legem
1330 252 1605 300 contemnit

91 339 302 387 hominis
325 338 529 399 inimici,
554 354 702 401 quam
726 337 858 399 quod
882 336 950 384 316
974 335 1166 395 statuit,
1203 334 1405 382 omnino
1437 350 1605 381 consu-

90 421 241 468 larem
276 420 432 482 legem
474 419 664 466 nullam
700 423 887 481 putare.
963 418 1225 466 Caeciliam
1272 416 1490 476 Didiam,
1529 416 1607 462 Li-

90 502 269 548 ciniam
292 501 490 547 Iuniam
519 500 824 562 contempsit.
899 499 1133 546 Etiamne
1169 499 1289 557 eius,
1333 513 1480 560 quem
1517 513 1607 544 sua

46 598 67 629 5
92 582 198 645 lege
222 587 273 629 et
295 597 383 628 suo
406 580 638 628 beneficio
662 584 906 639 ornatum,
927 579 1189 637 munitum,
1216 583 1462 625 armatum
1485 577 1609 624 solet

91 663 303 726 gloriari,
362 662 413 710 C.
467 660 688 709 Caesaris
739 661 897 723 legem
948 661 1008 707 de
1046 660 1268 722 pecuniis
1317 658 1606 721 repetundis

30 741 38 751 ’
92 760 192 790 11011
229 748 374 806 putat
409 758 513 789 esse
554 742 749 804 legem2
783 741 849 788 Et
886 741 1029 788 aiunt
1064 741 1185 788 alios
1224 756 1342 801 esse,
1378 740 1463 802 qui
1498 745 1608 786 acta

91 824 310 873 Caesaris
351 823 643 882 rescindant,
682 839 793 870 cum
835 824 953 869 haec
993 823 1177 885 optima
1210 822 1292 869 lex
1334 827 1384 869 et
1421 822 1483 868 ab
1521 821 1608 868 illo

92 923 254 955 socero
279 907 383 954 eius
407 911 457 953 et
481 906 543 952 ab
566 905 658 952 hoc
681 905 908 952 adsecula
932 906 1221 967 neglegatur
1241 903 1254 956 1,
1327 903 1495 950 LXV.
1540 904 1608 950 Et

27 1005 64 1037 ιο
90 988 336 1036 cohortari
358 1003 506 1034 ausus
530 992 606 1034 est
629 991 884 1033 accusator
906 986 958 1032 in
984 986 1074 1032 hac
1103 1001 1251 1032 causa
1274 1001 1374 1041 vos,
1402 983 1604 1042 iudices,

14 1110 15 1113 ,
90 1076 148 1117 ut
171 1070 436 1132 aliquando
460 1069 629 1116 essetis
653 1069 823 1128 severi,
852 1067 1118 1130 aliquando
1141 1066 1438 1113 medicinam
1466 1065 1604 1112 adhi-

14 1151 15 1154 ’
89 1151 271 1198 heretis
302 1150 375 1197 rei
402 1150 640 1212 publicae.
713 1149 832 1195 Non
856 1164 914 1195 ea
937 1156 1012 1195 est
1036 1147 1295 1205 medicina,
1322 1162 1435 1193 cum
1458 1162 1607 1193 sanae

14 1254 15 1260 ¹
90 1231 224 1294 parti
269 1229 485 1292 corporis
531 1229 812 1292 scalpellum
854 1229 1120 1275 adhibetur
1159 1233 1310 1291 atque
1350 1228 1604 1291 integrae;

89 1312 372 1360 carnificina
395 1316 469 1358 est
504 1312 602 1358 ista
626 1316 677 1358 et
699 1311 965 1358 crudelitas
985 1328 994 1357 :
1031 1311 1077 1357 ei
1099 1310 1363 1357 medentur
1386 1311 1459 1356 rei
1487 1309 1607 1371 pub-

25 1407 62 1440 15
87 1392 222 1451 11666,
249 1392 336 1454 qui
360 1396 594 1439 exsecant
625 1395 813 1454 pestem
841 1391 1058 1453 aliquam
1083 1395 1339 1452 tamquam
1363 1394 1605 1437 strumam

89 1475 320 1522 civitatis.
649 1491 651 1494 ·

189 1554 284 1601 Sed
307 1558 367 1600 ut
397 1558 673 1600 extremum
708 1553 888 1601 habeat
919 1554 1109 1616 aliquid
1142 1554 1301 1600 oratio
1325 1570 1446 1613 mea,
1474 1559 1525 1600 et
1549 1558 1608 1601 ut
1633 1554 1723 1600 136

88 1649 176 1696 ego
222 1637 338 1679 ante
385 1632 581 1679 dicendi
625 1632 774 1679 finem
819 1633 993 1679 faciam
1042 1648 1191 1695 quam
1238 1648 1326 1679 vos
1366 1632 1464 1679 mei
1496 1637 1602 1679 tam

89 1721 280 1762 attente
335 1715 583 1773 audiendi,
633 1715 921 1762 concludam
979 1715 1106 1762 illud
1164 1715 1223 1762 de
1281 1715 1604 1777 optimatibus

21 1811 63 1843 20
89 1811 354 1857 eorumque
400 1795 707 1857 principibus
761 1811 817 1842 ac
862 1795 935 1841 rei
981 1795 1206 1857 publicae
1251 1795 1600 1855 defensoribus,

86 1890 282 1936 vosque,
308 1875 656 1935 adulescentes,
684 1879 735 1921 et
766 1875 853 1937 qui
883 1875 1072 1921 nobiles
1108 1875 1240 1935 estiS,
1266 1875 1331 1922 ad
1362 1876 1601 1923 maiorum

88 1960 367 2002 vestrorum
414 1955 744 2002 imitationem
792 1955 1032 2015 excitabo,
1083 1963 1134 2002 et
1171 1956 1258 2019 qui
1297 1956 1495 2019 ingenio
1546 1972 1603 2004 ac

22 2054 23 2060 ¹
86 2035 275 2082 virtute
321 2035 632 2082 nobilitatem
672 2037 878 2098 potestis
918 2036 1164 2098 consequi,
1204 2037 1266 2082 ad
1301 2053 1409 2083 eam
1447 2037 1597 2083 ratio-

86 2133 213 2176 nem,
251 2117 304 2163 in
342 2134 438 2180 qua
473 2118 622 2164 multi
657 2118 880 2164 homines
909 2118 1028 2165 novi
1060 2123 1110 2164 et
1145 2118 1329 2165 honore
1364 2125 1415 2165 et
1449 2119 1603 2182 gloria

0 2209 59 2277 '1²⁵
83 2197 368 2258 floruerunt,
411 2197 713 2246 cohortabor.
777 2198 928 2244 ‘Haec
965 2203 1039 2244 est
1073 2214 1173 2244 una
1207 2199 1304 2256 via,
1343 2199 1467 2246 mihi
1503 2216 1601 2246 cre·
1631 2201 1721 2247 13¹7

85 2278 202 2337 dite,
229 2284 278 2325 et
309 2279 470 2326 laudis
503 2285 554 2326 et
584 2280 843 2342 dignitatis
874 2285 924 2327 et
954 2281 1168 2339 honoris,
1236 2298 1264 2327 a
1300 2281 1441 2328 bonis
1481 2282 1602 2328 viris

26 2400 27 2426 3
85 2361 386 2422 sapientibus
410 2367 461 2408 et
483 2362 607 2408 bene
629 2368 810 2409 natura
833 2364 1116 2410 constitutis
1139 2364 1331 2411 laudari
1363 2370 1414 2411 et
1446 2364 1598 2426 diligi,

85 2457 225 2488 nosse
243 2442 612 2504 discriptionem
630 2444 848 2491 civitatis
872 2461 902 2491 a
926 2446 1193 2493 maioribus
1215 2448 1396 2493 nostris
1415 2447 1600 2509 sapien-

86 2522 274 2570 tissime
305 2525 636 2584 constitutam,
690 2527 777 2588 qui
811 2543 923 2573 cum
962 2543 1132 2590 regum
1165 2534 1462 2590 potestatem
1499 2545 1598 2575 non

29 2617 62 2650 30
85 2604 328 2664 tulissent,
366 2606 439 2653 ita
473 2608 791 2669 magistratus
826 2625 1014 2656 annuos
1048 2617 1354 2670 creaverunt,
1395 2615 1453 2657 ut
1488 2627 1598 2658 con-

87 2683 251 2731 silium
274 2691 473 2733 senatus
497 2687 569 2733 rei
591 2689 817 2750 publicae
841 2699 1200 2752 praeponerent
1232 2691 1598 2752 sempiternum,

85 2762 415 2826 deligerentur
437 2772 603 2815 autem
628 2768 682 2814 in
706 2768 758 2815 id
794 2770 1055 2816 consilium
1079 2771 1141 2817 ab
1165 2771 1396 2817 universo
1420 2770 1601 2833 populo

1332 2870 1462 2917 5—2
