1812 2950
235 142 373 191 PRO
410 143 464 190 P.
505 141 751 191 SESTIO
790 141 1044 191 ORATIO
1079 145 1126 205 §g
1165 144 1427 191 110-114
1520 143 1582 189 55

87 289 187 320 non
209 274 443 320 instituit.
517 272 611 320 Sed
637 272 768 318 latus
803 271 915 319 odio
953 278 1004 319 et
1034 287 1143 318 meo
1171 276 1222 319 et
1259 271 1331 319 rei
1362 272 1584 334 publicae

88 354 297 410 nomine,
335 370 542 415 quorum
577 342 661 399 ille
695 353 796 399 utri
831 353 897 399 sit
929 353 1174 399 inimicior
1219 353 1394 412 nescio,
1441 352 1585 415 plura

87 435 206 492 dixi,
256 451 404 496 quam
446 435 704 481 dicendum
750 434 860 493 fuit,
910 435 963 480 in
1010 434 1386 481 furiosissimum
1434 439 1583 496 atque

88 516 454 577 egentissimum
495 530 776 578 ganeonem.
850 514 976 562 Illuc
1011 519 1253 563 revertor:
1301 519 1473 561 contra
1506 530 1583 560 me
1607 509 1699 556 112

46 607 67 638 6
88 612 198 642 cum
233 602 308 642 est
343 595 498 641 latum
534 599 676 656 capta
710 596 830 641 urbe
872 601 1018 657 atque
1065 611 1307 658 oppressa,
1351 595 1582 654 Gellium,

27 686 29 689 ’
90 676 397 735 Firmidium,
442 676 644 734 Titium,
694 677 911 723 eiusdem
959 677 1092 724 modi
1137 677 1293 723 furias
1328 677 1428 723 illis
1463 694 1584 724 mer—

87 758 326 804 cennariis
360 758 588 820 gregibus
619 758 766 804 duces
803 763 853 804 et
884 763 1105 805 auctores
1138 759 1302 816 fuisse,
1337 774 1448 804 cum
1480 758 1585 820 ipse

86 840 214 886 lator
247 839 374 885 nihil
414 839 476 884 ab
521 838 693 885 horum
743 839 1068 900 turpitudine,
1105 839 1321 897 audacia,
1361 838 1584 885 sordibus

86 919 381 966 abhorreret.
444 919 516 964 At
542 935 651 965 cum
676 919 736 965 de
761 919 1002 981 dignitate
1021 935 1129 966 mea
1151 919 1415 977 ferebatur,
1441 932 1584 966 nemo

27 1015 66 1049 10
87 1001 181 1048 sibi
202 1017 292 1047 nec
316 999 615 1046 valetudinis
647 1001 1010 1047 excusationem
1044 1017 1134 1047 nec
1166 1001 1432 1049 senectutis
1462 1003 1584 1048 satis

87 1082 268 1129 iustam
305 1079 498 1147 [ullam]
539 1082 766 1144 putavit3
811 1098 954 1129 nemo
988 1082 1098 1140 fuit,
1136 1083 1223 1145 qui
1257 1099 1307 1130 se
1342 1099 1443 1130 non
1478 1099 1582 1130 rem

85 1165 331 1226 publicam
367 1181 556 1211 mecum
593 1165 739 1211 simul
773 1180 1003 1211 revocare
1037 1166 1091 1210 in
1137 1180 1249 1211 suas
1290 1165 1426 1212 sedes
1461 1166 1585 1212 arbi-

85 1249 312 1292 traretur.

186 1326 335 1372 LIlI.
407 1326 679 1372 Videamus
741 1342 873 1372 nunc
931 1327 1130 1373 comitia
1186 1328 1579 1389 magistratuum.
1609 1328 1700 1377 113

28 1419 67 1454 16
88 1407 206 1454 Fuit
229 1407 502 1470 conlegium
527 1424 682 1470 nuper
700 1407 1037 1467 tribunicium,
1057 1408 1110 1454 in
1130 1424 1227 1470 quo
1244 1415 1345 1456 tres
1365 1410 1580 1467 minime,

87 1488 401 1535 vehementer
445 1487 542 1534 duo
587 1487 846 1550 populares
893 1489 1316 1535 existimabantur.
1391 1490 1471 1536 Ex
1504 1491 1580 1550 iis,

87 1569 173 1630 qui
209 1568 467 1630 populares
503 1583 605 1614 non
641 1568 966 1628 habebantur,
991 1569 1171 1630 quibus
1204 1570 1256 1615 in
1289 1570 1375 1616 illo
1406 1587 1582 1632 genere

87 1651 435 1697 conductarum
462 1650 745 1696 contionum
770 1650 1068 1697 consistendi
1091 1655 1305 1712 potestas
1333 1668 1432 1698 non
1462 1660 1579 1710 erat,

87 1732 185 1777 duo
208 1747 238 1776 a
260 1730 439 1793 populo
466 1730 690 1776 Romano
713 1735 961 1792 praetores
993 1730 1135 1777 video
1167 1747 1271 1778 esse
1303 1732 1481 1791 factos3
1517 1740 1578 1793 et,

27 1829 67 1862 m
88 1815 329 1873 quantum
376 1811 680 1857 sermonibus
725 1811 863 1872 vulgi
910 1816 962 1857 et
1009 1812 1252 1874 suffragiis
1298 1813 1583 1875 intellegere

87 1892 241 1955 potui,
268 1907 384 1954 prae
408 1907 458 1937 se
490 1891 697 1953 populus
721 1891 976 1938 Romanus
1001 1892 1202 1951 ferebat,
1228 1894 1323 1940 sibi
1354 1894 1497 1941 illum
1528 1895 1583 1941 in

87 1974 344 2020 tribunatu
369 1972 457 2019 On.
479 1973 671 2019 Domiti
689 1973 910 2019 animum
929 1980 1235 2021 constantem
1261 1980 1310 2022 et
1333 1977 1582 2039 egregium

87 2059 138 2100 et
171 2054 231 2111 Q.
268 2054 491 2100 Anchari
524 2053 672 2100 fidem
707 2070 762 2100 ac
797 2053 1152 2112 fortitudinem,
1192 2056 1342 2101 etiam
1378 2056 1419 2103 si
1456 2057 1583 2104 nihil

86 2151 228 2198 agere
259 2135 546 2198 potuissent,
573 2141 741 2182 tamen
771 2136 1030 2182 voluntate
1061 2137 1166 2198 ipsa
1192 2143 1391 2198 gratum
1414 2138 1579 2185 fuisse.

27 2235 67 2269 25
89 2217 194 2264 Iam
219 2217 278 2263 de
305 2216 356 2263 O.
385 2216 576 2263 Fannio
600 2233 724 2278 quae
748 2217 812 2263 sit
831 2217 1145 2277 existimatio,
1168 2219 1393 2265 videmus
1402 2236 1415 2278 3
1450 2221 1583 2282 quod

87 2296 322 2344 iudicium
359 2296 528 2358 populi
564 2297 779 2343 Romani
820 2297 875 2343 in
909 2297 1177 2344 honoribus
1212 2298 1317 2345 eius
1352 2299 1579 2346 futurum

86 2375 164 2435 sit,
194 2378 384 2424 nemini
413 2376 618 2422 dubium
650 2392 752 2422 esse
784 2377 940 2423 debet.
1016 2377 1178 2434 Quid?
1212 2379 1470 2440 populares
1504 2380 1578 2427 illi
1606 2378 1701 2428 114

88 2455 184 2502 duo
207 2456 326 2518 quid
349 2457 586 2518 egerunt‘l
642 2456 804 2515 Alter,
841 2458 927 2518 qui
962 2462 1127 2504 tamen
1162 2473 1213 2504 se
1248 2459 1575 2516 continuerat,

89 2536 270 2582 tulerat
315 2536 453 2594 nihil,
502 2541 718 2582 senserat
765 2542 961 2582 tantum
1007 2537 1066 2583 de
1103 2553 1156 2583 re
1201 2539 1397 2600 publica
1442 2540 1578 2587 aliud

29 2634 69 2667 ³0
89 2621 238 2680 atque
260 2615 481 2662 homines
513 2617 876 2678 exspectabant,
904 2618 982 2663 vir
1012 2622 1062 2663 et
1094 2618 1252 2664 bonus
1276 2624 1327 2664 et
1350 2619 1581 2667 innocens

91 2702 141 2743 et
172 2697 312 2743 bonis
342 2696 462 2742 viris
498 2712 687 2758 semper
714 2697 963 2758 probatus,
990 2699 1120 2760 quod
1153 2715 1326 2761 parum
1352 2700 1581 2749 videlicet

11 2766 13 2845 l
60 2773 335 2824 'intellexit
369 2778 424 2824 in
458 2778 729 2838 tribunatu,
763 2778 883 2840 quid
915 2794 1031 2826 vero
1059 2782 1240 2843 populo
1273 2781 1579 2844 probaretur,
