1812 2950
187 151 269 203 μ68
572 148 640 196 M.
695 148 911 195 TULLI
957 146 1343 196 CICERONIS

207 276 469 339 aditusque
491 275 546 322 in
569 275 709 322 illum
743 290 988 321 summum
1023 274 1245 320 ordinem
1279 272 1499 320 omnium
1530 273 1712 320 civium

206 355 478 403 industriae
520 371 576 402 ac
616 354 795 400 virtuti
835 358 1041 416 pateret.
1096 352 1335 399 Senatum
1374 355 1447 400 rei
1492 353 1713 416 publicae

208 435 474 494 custodem,
517 434 805 497 praesidem,
854 438 1267 496 propugnatorem
1305 433 1713 492 conlocaverunt,

210 515 359 562 huius
398 514 586 562 ordinis
631 513 927 560 auctoritate
973 515 1051 559 uti
1097 513 1413 574 magistratus
1471 518 1520 560 et
1576 513 1717 575 quasi

209 595 461 642 ministros
492 594 770 657 gravissimi
801 593 994 640 consilii
1024 609 1126 640 esse
1140 589 1441 658 [voluerunt]
1462 599 1715 650 ;senatum
1741 608 1762 638 5

210 682 377 723 autem
422 676 587 738 ipsum
638 675 975 737 proximorum
1023 674 1253 721 ordinum
1303 675 1559 737 splendore
1611 691 1718 721 con-

210 757 411 816 firmari,
454 756 612 818 plebis
646 756 927 802 libertatem
975 760 1026 802 et
1072 755 1325 802 commoda
1386 755 1518 802 tueri
1570 759 1718 818 atque
1766 755 1775 766 '

212 852 390 899 augere
416 837 692 884 voluerunt.

98 918 188 966 138
311 916 505 964 LXVI.
580 917 720 963 Haec
743 916 830 978 qui
853 932 941 978 pro
966 916 1099 963 virili
1122 922 1261 979 parte
1285 917 1572 977 defendunt,
1598 918 1721 979 opti·

212 1003 367 1045 mates
407 1002 538 1057 sunt,
582 999 933 1060 cuiuscumque
979 1003 1099 1044 sunt
1145 999 1331 1046 ordinis
1347 1017 1361 1059 3
1419 1000 1506 1062 qui
1552 1005 1721 1046 autem
1749 1013 1804 1046 ια’

213 1080 472 1142 praecipue
518 1080 620 1127 suis
665 1081 935 1127 cervicibus
979 1085 1125 1127 tanta
1182 1082 1353 1128 munia
1408 1087 1557 1144 atque
1615 1098 1719 1128 rem

213 1160 460 1223 publicam
487 1161 748 1220 sustinent,
772 1161 826 1207 hi
854 1176 1044 1222 semper
1068 1161 1226 1207 habiti
1257 1167 1374 1208 sunt
1408 1162 1720 1224 optimatium

213 1241 471 1304 principes,
516 1246 739 1288 auctores
776 1248 828 1288 et
873 1246 1237 1288 conservatores
1283 1242 1512 1289 civitatis.
1584 1242 1720 1289 Huic

214 1322 470 1369 hominum
507 1324 674 1385 generi
714 1324 882 1382 fateor,
922 1329 979 1370 ut
1017 1328 1132 1370 ante
1169 1323 1288 1381 dixi,
1327 1324 1510 1370 multos
1555 1324 1721 1370 adver-

216 1405 381 1463 sarios,
416 1404 653 1463 inimicOS,
684 1405 878 1451 invidos
913 1420 1028 1463 esse,
1054 1405 1211 1452 multa
1246 1406 1455 1467 proponi
1488 1405 1718 1468 pericula,
1749 1405 1798 1459 153

215 1485 398 1532 multas
436 1485 610 1532 inferri
648 1486 867 1544 iniurias,
907 1502 1107 1548 magnos
1153 1502 1255 1532 esse
1302 1486 1625 1548 experiundos
1670 1491 1721 1532 et

215 1565 492 1612 subeundos
537 1566 754 1613 labores:
812 1567 896 1613 sed
941 1567 1065 1612 mihi
1110 1566 1269 1613 omnis
1309 1567 1465 1614 oratio
1500 1572 1574 1613 est
1610 1582 1719 1613 cum

215 1645 416 1703 virtute,
465 1662 565 1692 non
611 1663 721 1692 cum
761 1647 960 1706 desidia,
1009 1663 1120 1693 cum
1165 1647 1419 1710 dignitate,
1470 1662 1571 1693 non
1611 1662 1721 1693 cum

217 1728 481 1790 voluptate,
520 1745 632 1775 cum
675 1729 752 1787 iis,
789 1729 875 1790 qui
909 1745 960 1775 se
1007 1728 1208 1790 patriae,
1252 1729 1339 1790 qui
1373 1728 1473 1775 suis
1519 1728 1721 1786 civibus,

216 1809 303 1871 qui
331 1809 481 1867 laudi,
514 1810 600 1871 qui
629 1809 826 1872 gloriae,
859 1826 959 1856 non
989 1809 1076 1871 qui
1106 1825 1275 1855 somno
1315 1815 1365 1855 et
1401 1809 1640 1855 conviviis
1671 1812 1720 1853 et
1749 1821 1790 1854 2⁰

216 1889 530 1936 delectationi
553 1894 694 1936 natos
718 1890 1035 1936 arbitrantur.
1108 1889 1241 1935 Nam
1265 1889 1308 1935 si
1341 1888 1430 1950 qui
1459 1887 1723 1949 voluptati-

217 1971 308 2016 bus
332 1970 583 2016 ducuntur
606 1975 656 2016 et
679 1985 730 2016 se
752 1970 989 2016 vitiorum
1012 1970 1270 2016 inlecebris
1304 1976 1355 2016 et
1377 1969 1722 2031 cupiditatium

217 2052 471 2098 lenociniis
494 2052 803 2111 dediderunt,
829 2052 1002 2098 missos
1033 2052 1219 2098 faciant
1241 2051 1462 2109 honores,
1487 2066 1550 2096 ne
1573 2050 1721 2096 attin-

217 2138 337 2194 gant
371 2148 473 2178 rem
506 2133 765 2194 publicam,
792 2133 1048 2194 patiantur
1078 2132 1299 2178 virorum
1332 2131 1538 2177 fortium
1561 2131 1724 2176 labore

103 2212 193 2260 139
217 2228 268 2259 se
297 2213 398 2258 otio
428 2228 514 2258 suo
544 2212 748 2274 perfrui.
822 2211 921 2268 Qui
951 2217 1118 2258 autem
1149 2212 1329 2257 bonam
1365 2210 1552 2257 famam
1583 2211 1726 2256 bono·
1753 2224 1785 2267 ²!

217 2308 342 2350 rum,
369 2307 495 2353 quae
526 2292 630 2338 sola
659 2308 775 2338 vere
804 2292 961 2353 gloria
990 2291 1237 2338 nominari
1267 2295 1442 2352 potest,
1469 2294 1722 2351 expetunt,
1782 2283 1783 2288 ¹

217 2371 329 2418 aliis
369 2372 526 2418 otium
565 2388 797 2434 quaerere
836 2371 1016 2418 debent
1053 2376 1104 2417 et
1139 2371 1436 2432 voluptates,
1475 2386 1575 2415 non
1616 2370 1720 2416 sibi

219 2450 506 2496 Sudandum
528 2456 602 2497 est
627 2451 691 2497 iis
714 2467 802 2513 pro
817 2451 1161 2498 communibus
1176 2449 1455 2507 commodis,
1475 2449 1726 2495 adeundae

219 2531 522 2590 inimicitiae,
566 2533 849 2579 subeundae
895 2549 1038 2594 saepe
1074 2548 1163 2594 pro
1199 2548 1252 2578 re
1288 2531 1485 2593 publica
1523 2536 1728 2592 tempes-
1777 2533 1779 2583 j

219 2615 373 2662 tates:
396 2627 508 2657 cum
535 2612 707 2658 multis
735 2612 1014 2671 audacibus,
1040 2611 1290 2673 improbis,
1323 2625 1424 2656 non
1454 2626 1725 2672 numquam
1773 2611 1775 2617 ‘

221 2691 371 2738 etiam
416 2693 702 2754 potentibus
749 2692 1093 2740 dimicandum.
1167 2691 1307 2738 Haec
1342 2691 1623 2738 audivimus
1669 2690 1728 2736 de
1765 2721 1776 2790 ι

219 2771 597 2819 clarissimorum
605 2773 824 2820 virorum
842 2774 1056 2821 consiliis
1074 2778 1124 2820 et
1141 2773 1300 2831 factis,
1310 2772 1428 2819 haec
1441 2771 1725 2834 accepimuS,
1765 2772 1775 2831 ,f
