1812 2950
140 139 223 209 ‚94
492 136 631 187 PRO
668 137 724 185 P.
765 135 1010 187 SESTIO
1045 137 1069 198 ἓ
1107 137 1302 186 15-16

237 269 265 309 1.
290 268 357 307 21.
412 267 712 317 naufragmm]
741 265 844 306 used
863 266 958 306 first
980 266 1028 305 in
1046 265 1103 304 its
1125 266 1252 304 usual
1276 276 1410 316 sense,
1430 264 1536 306 then
1552 264 1657 307 with

156 323 358 371 conliyere
394 319 441 360 in
484 320 542 360 its
582 318 800 360 collective
839 330 972 365 sense,
1015 323 1025 342 ⁴
1037 317 1111 358 the
1151 319 1403 368 fragments,
1441 318 1659 359 shattered

157 373 345 415 remains
365 373 412 413 of
435 372 509 414 the
527 372 717 413 wrecked
741 371 839 423 ship
859 372 908 412 of
931 371 1004 413 the
1025 372 1161 420 state,’
1179 371 1271 422 just
1290 383 1339 411 as
1357 370 1403 411 in
1426 372 1501 411 the
1521 371 1659 412 Greek

158 427 272 468 word
297 426 488 478 ναυάγιον
513 426 619 466 both
643 426 867 477 meanings
886 437 957 465 are
976 425 1138 473 united,
1159 437 1207 465 so
1225 425 1322 465 that
1343 428 1392 465 in
1413 436 1498 474 quo
1526 429 1657 468 conli-

159 481 407 530 gendo=in
427 480 569 521 cuius
588 479 898 531 fragmentis
917 478 1256 529 conligendis.

165 618 218 656 ad
238 563 488 614 reficienda]
528 566 537 584 ‘
554 561 797 612 restoring,’
834 561 887 603 cf.
923 560 1022 603 Tac.
1056 561 1167 603 Ann.
1203 573 1248 600 v1
1282 563 1332 603 17
1365 564 1425 602 sic
1456 563 1661 613 refecta

155 650 164 660 .
220 629 274 656 es.

239 699 269 739 1.
291 700 356 739 22.
399 702 530 748 facta,
556 702 687 749 dicta,
712 699 910 750 consina]
941 704 950 722 ⁶
966 698 1147 747 actionS,
1162 699 1299 739 words
1319 699 1407 740 and
1425 699 1660 751 thoughts‚'

160 766 186 794 a
205 752 361 795 climax
380 752 611 804 ascending
630 753 742 793 from
762 752 836 794 the
855 755 977 793 outer
996 755 1041 794 to
1060 753 1135 794 the
1152 753 1291 794 inner.

725 895 993 936 CHAPTER
1021 895 1104 936 VII

242 986 272 1026 1.
293 986 358 1027 24.
417 989 565 1027 fuerat
589 989 666 1026 me
691 997 836 1026 annus
855 989 946 1026 iam
966 989 1015 1025 in
1039 997 1088 1026 re
1102 997 1145 1034 p.
1169 987 1338 1037 cum—]
1367 985 1449 1029 viz,
1472 986 1546 1027 the
1563 998 1664 1037 year

164 1052 245 1083 B.c.
271 1041 322 1082 59
341 1039 388 1078 in
412 1039 552 1078 which
571 1039 755 1079 Clodius’
777 1038 982 1090 adoption
1004 1038 1097 1079 into
1123 1052 1148 1078 a
1173 1039 1368 1089 plebeian
1393 1040 1544 1090 family
1561 1039 1664 1080 took

162 1095 295 1145 place,
327 1092 466 1133 which
492 1104 578 1132 was
602 1092 677 1133 the
695 1092 928 1143 beginning
953 1092 1000 1132 of
1025 1092 1207 1132 Cicero's
1236 1093 1440 1133 troubles.
1500 1093 1576 1134 See
1594 1105 1661 1144 ep.

163 1147 219 1188 ad
236 1147 326 1188 Att.
346 1158 393 1186 1x
411 1147 448 1194 5,
470 1147 508 1186 2.
618 1149 1186 1197 fuerat=praecesserat.
1245 1146 1322 1188 See
1340 1158 1398 1189 cr.
1419 1159 1463 1186 n.

243 1231 271 1271 1.
296 1232 361 1273 27.
419 1231 613 1281 quidem]
651 1229 926 1278 adversative,
959 1242 1007 1270 as
1039 1231 1148 1281 1516,
1185 1233 1207 1281 ἓ
1237 1231 1304 1279 24,
1339 1243 1406 1271 see
1434 1243 1478 1272 n.
1520 1243 1578 1271 on
1610 1230 1663 1271 de

164 1285 307 1326 Plano.
331 1285 471 1335 5751.
498 1285 562 1333 14,
587 1284 673 1323 and
691 1285 743 1325 cf.
765 1284 816 1324 de
835 1296 895 1326 or.
926 1285 949 1323 1
981 1286 1002 1334 ξ
1034 1284 1113 1323 144
1139 1286 1238 1324 haec
1260 1286 1432 1324 accendi
1459 1291 1549 1324 arte
1568 1297 1662 1336 pos·

163 1344 272 1386 sunt,
288 1339 419 1379 inseri
437 1339 632 1389 quidem
651 1339 703 1377 ab
721 1344 810 1378 arte
830 1350 912 1378 non
924 1343 1110 1388 possunt.
1159 1337 1250 1378 The
1263 1338 1421 1388 phrase
1434 1351 1478 1378 re
1499 1340 1665 1389 quidem

163 1392 203 1432 is
221 1404 269 1432 as
288 1403 487 1432 common
514 1403 563 1432 as
580 1404 624 1432 re
651 1392 816 1443 quidem
839 1404 951 1432 vera.
1011 1391 1067 1432 So
1094 1404 1137 1431 re
1166 1398 1305 1432 autem
1335 1391 1393 1445 (re
1423 1391 1571 1445 tamen)
1598 1404 1657 1433 or.

164 1459 205 1497 p.
238 1446 358 1488 Caec.
390 1446 499 1495 559,
524 1445 631 1487 Vell.
664 1446 825 1485 Paterc.
855 1456 891 1484 11
919 1445 957 1495 6,
990 1443 1030 1497 4)
1062 1445 1296 1485 alternates
1323 1444 1430 1485 with
1454 1458 1500 1486 re
1527 1451 1664 1486 autem

165 1512 276 1541 vera.

244 1574 275 1614 1.
309 1575 373 1616 28.
432 1577 661 1614 furibundi
695 1574 902 1623 hominis]
950 1573 996 1615 P.
1040 1573 1267 1621 Clodius,
1300 1573 1484 1625 adopted
1510 1573 1566 1624 by
1589 1573 1665 1614 the

164 1627 360 1679 plebeian
377 1627 425 1668 P.
443 1627 663 1677 Fonteius,
689 1639 722 1670 s.
745 1627 853 1669 Intr.
879 1629 901 1677 ἓ
922 1629 958 1669 7.
1072 1631 1182 1668 mihi
1199 1629 1324 1679 irati]
1353 1639 1386 1670 s.
1410 1628 1518 1670 Intr.
1542 1630 1564 1678 ἓ
1585 1628 1621 1670 6.

245 1717 275 1756 1.
296 1718 363 1758 29.
419 1716 518 1768 otii]
549 1721 559 1739 ‘
572 1728 699 1767 peace
714 1716 724 1735 ’
744 1716 779 1769 )(
799 1718 896 1756 belli
911 1731 924 1758 .-
956 1716 1007 1756 de
1027 1717 1095 1758 off.
1123 1729 1140 1756 1
1159 1719 1181 1767 ἓ
1201 1720 1251 1760 77
1270 1717 1300 1757 1.
1321 1718 1388 1758 26.
1552 1729 1664 1759 com-

165 1774 311 1812 munis
339 1774 499 1812 salutis
523 1771 706 1821 inimici]
735 1782 793 1810 on
827 1770 901 1811 the
929 1782 1004 1810 use
1031 1770 1077 1810 of
1098 1770 1171 1810 the
1197 1771 1401 1822 adjective
1430 1783 1479 1812 as
1511 1783 1538 1812 a
1568 1771 1665 1811 sub-

168 1824 353 1864 stantive
381 1836 450 1864 see
480 1836 554 1874 my
581 1836 624 1865 n.
659 1836 716 1863 on
742 1823 829 1864 Cic.
859 1823 910 1863 de
931 1824 1001 1863 off.
1033 1836 1087 1863 111
1117 1827 1138 1874 ἓ
1165 1825 1217 1865 96
1245 1825 1274 1866 1.
1305 1826 1371 1871 31,
1404 1827 1426 1875 ξ
1453 1825 1530 1866 117
1561 1825 1589 1866 1.
1623 1826 1663 1874 4,

167 1877 338 1928 Madvig
358 1877 430 1919 Gr.
455 1880 475 1927 ἓ
495 1879 574 1919 247
593 1878 620 1917 b
639 1879 719 1919 obs.
741 1879 777 1927 1,
804 1878 963 1928 Zumpt
985 1877 1058 1918 Gr.
1074 1882 1095 1928 ἓ
1114 1879 1208 1918 410.
1266 1878 1330 1920 Cf.
1353 1881 1375 1929 ξ
1395 1880 1474 1918 124
1492 1879 1521 1918 1.
1543 1879 1581 1919 6.

247 1961 274 2003 l.
300 1962 367 2001 31.
423 1964 497 2002 Gn.
521 1963 766 2012 Pompeius]
796 1974 860 2012 ep.
892 1961 947 2002 ad
973 1963 1062 2002 Att.
1093 1974 1129 2001 11
1156 1963 1222 2010 20,
1256 1964 1280 2001 2
1315 1964 1487 2003 Clodius
1524 1964 1662 2004 adhuc

166 2015 270 2054 mihi
291 2017 513 2055 denuntiat
524 2018 771 2067 periculum,
791 2017 1062 2066 Pompeius
1090 2017 1286 2067 adfirmat
1303 2029 1386 2056 non
1405 2029 1485 2056 esse
1498 2019 1663 2067 pericu-

170 2071 262 2117 lum,
287 2069 461 2109 adiurat
471 2083 488 2115 ;
519 2070 640 2108 addit
669 2071 794 2109 etiam
817 2081 858 2110 se
877 2071 1001 2121 prius
1019 2071 1196 2109 occisum
1218 2071 1278 2108 iri
1304 2072 1355 2109 ab
1379 2083 1423 2110 eo
1450 2083 1572 2121 quam
1601 2083 1662 2110 me

170 2123 372 2162 violatum
407 2124 492 2162 iri.-
521 2122 625 2162 ibid.
649 2134 684 2162 11
716 2124 780 2170 22,
806 2123 831 2162 2
860 2135 950 2163 cum
977 2125 1050 2163 hoc
1072 2121 1253 2176 (Clodio)
1269 2125 1527 2174 Pompeius
1547 2126 1663 2164 vehe-

167 2181 320 2216 menter
351 2177 449 2226 eyit,
474 2189 565 2216 cum
593 2178 746 2216 diceret
775 2178 823 2216 in
849 2189 1006 2217 summa
1030 2189 1071 2216 se
1091 2177 1295 2228 perfidiae
1322 2183 1363 2216 et
1396 2178 1561 2217 sceleris
1596 2179 1661 2218 in-

157 2229 301 2280 famia
323 2229 429 2279 sore,
467 2232 505 2269 si
534 2231 638 2269 mihi
660 2231 894 2281 periculum
920 2236 1130 2270 crearetur
1152 2231 1203 2270 ab
1230 2243 1289 2277 eo,
1320 2243 1443 2281 quam
1471 2233 1558 2282 ipse
1595 2244 1662 2272 ar-

166 2288 327 2330 masset,
353 2295 445 2322 cum
463 2284 668 2333 plebeium
682 2285 784 2334 fieri
797 2297 945 2334 passus
972 2289 1100 2331 esset;
1132 2284 1264 2335 fidem
1291 2286 1487 2335 recepisse
1513 2286 1598 2325 sibi
1623 2291 1664 2326 ct

167 2338 301 2387 ipsum
326 2341 367 2375 et
391 2337 571 2386 Appium
598 2338 645 2376 de
670 2350 730 2376 me
746 2353 761 2383 ;
801 2339 904 2377 hanc
930 2340 967 2377 si
990 2339 1063 2377 ille
1083 2350 1165 2377 ‘non
1183 2343 1378 2384 servaret,
1399 2339 1465 2377 ita
1486 2339 1665 2378 laturum

167 2395 214 2428 ut
233 2402 364 2429 omnes
383 2391 667 2439 intelleyerent
686 2392 798 2430 m'hil
811 2393 892 2430 sibi
913 2393 1128 2441 antiquius
1147 2397 1290 2431 nostra
1308 2393 1502 2430 amicitia
1512 2391 1661 2442 fuisse.

248 2480 367 2518 omni
385 2477 604 2529 cautione]
634 2481 644 2501 ‘
658 2489 782 2528 every
810 2477 915 2518 kind
944 2477 991 2519 of
1021 2478 1234 2529 security,’
1265 2477 1372 2518 both
1399 2478 1448 2519 in
1474 2479 1664 2531 promise

168 2530 254 2570 and
271 2530 319 2570 in
337 2529 524 2581 writing.
638 2532 828 2583 foedere]
859 2537 869 2555 ‘
887 2533 1110 2583 compunt:
1137 2534 1149 2554 ‘
1163 2531 1402 2575 covenant.'

247 2613 277 2652 1.
297 2614 361 2654 32.
422 2614 735 2664 exsecratione]
786 2615 797 2635 ‘
810 2625 837 2654 a
857 2613 1022 2653 solemn
1042 2613 1146 2654 cath
1164 2613 1268 2653 with
1283 2625 1341 2653 an
1365 2612 1658 2664 imprecation,

167 2666 204 2706 if
218 2666 403 2714 broken,’
425 2678 485 2705 or.
507 2666 554 2705 in
582 2666 700 2706 Verr.
730 2679 758 2707 v
778 2669 800 2717 ἓ
821 2667 912 2715 104,
935 2666 1096 2707 Sallust
1117 2666 1209 2708 Oat.
1234 2668 1298 2715 22,
1315 2667 1340 2706 2
1361 2680 1451 2707 cum
1470 2672 1569 2718 post
1587 2679 1661 2707 cx-

168 2722 500 2760 secrationem
536 2732 669 2760 omnes
703 2721 1012 2770 deyustavisset.
1123 2721 1397 2771 devinxerat]
1445 2718 1557 2761 ‘had
1590 2731 1661 2760 en-

169 2772 315 2823 gaged,
334 2772 424 2813 laid
441 2772 580 2812 under
603 2772 864 2821 obligation‚’
883 2776 929 2812 to
955 2772 1048 2822 give
1073 2772 1143 2811 his
1168 2773 1283 2812 word
1303 2773 1435 2812 ‘nihil
1459 2774 1510 2814 in
1534 2773 1661 2812 triba-
