1812 2950
172 123 200 169 2
539 125 609 174 M.
663 125 879 174 TULLI
922 125 1305 176 CICERONIS

169 251 375 314 facibus,
401 270 522 316 quos
546 257 598 301 vi
622 271 773 302 manu
791 256 944 318 copiis
962 256 1124 303 delere
1147 273 1249 304 non
1274 263 1558 321 potuerunt,
1577 257 1666 305 hos

169 339 333 382 vestra
356 337 664 392 auctoritate,
690 342 854 383 vestra
877 338 1125 400 religione,
1143 341 1321 386 vestris
1340 339 1597 386 sententiis
1615 354 1666 385 se

168 431 481 479 oppressuros
498 418 818 466 arbitrantur.
880 418 987 482 Ego
1005 430 1186 482 autem,
1213 422 1410 480 iudices,
1432 422 1667 483 quoniam

167 512 265 558 qua
304 513 420 544 voce
457 499 580 545 mihi
617 499 672 545 in
702 500 902 562 agendis
936 503 1110 564 gratiis
1145 503 1665 564 commemorandoque

167 594 351 638 eorum,
377 580 464 643 qui
498 580 559 627 de
591 597 668 628 me
700 582 886 644 optime
918 583 1085 630 meriti
1120 591 1252 644 sunt,
1290 585 1526 632 beneficio
1562 600 1666 631 esse
1687 598 1708 629 5

166 660 407 707 utendum
425 662 675 723 putabam,
696 678 752 709 ea
771 678 903 709 nunc
919 663 997 710 uti
1016 680 1160 726 cogor
1176 665 1231 711 in
1250 680 1417 711 eorum
1436 664 1666 727 periculis

165 742 478 806 depellendis,
505 743 567 790 iis
598 744 909 806 potissimum
945 761 1045 792 vox
1081 746 1198 793 haec
1230 746 1429 806 serviat,
1455 761 1665 808 quorum

164 840 311 887 opera
334 832 385 872 et
407 825 531 872 mihi
555 831 604 872 et
628 826 768 873 vobis
791 831 842 873 et
865 828 1046 889 populo
1068 828 1293 875 Romano
1317 828 1551 876 restituta
1575 833 1660 876 est.

113 910 141 956 3
264 905 337 953 II.
400 906 468 952 Et
491 922 789 968 quamquam
812 923 842 953 a
866 907 923 964 Q.
945 907 1233 969 Hortensio,
1262 909 1531 956 clarissimo
1555 909 1663 955 viro

162 990 311 1048 atque
334 986 747 1049 eloquentissimo,
770 1004 914 1034 causa
937 994 1012 1035 est
1030 988 1085 1036 P.
1109 989 1237 1036 Sesti
1261 995 1490 1052 perorata
1513 989 1662 1036 nihil·
1686 999 1728 1031 10
1794 1015 1797 1058 3

162 1082 257 1128 que
281 1067 344 1113 ab
367 1083 424 1114 eo
446 1068 846 1129 praetermissum
873 1073 962 1129 est,
990 1070 1122 1132 quod
1146 1076 1235 1117 aut
1265 1086 1355 1132 pro
1382 1086 1436 1116 re
1464 1070 1663 1133 publica

161 1148 559 1209 conquerendum
594 1148 694 1195 fuit
728 1156 815 1196 aut
852 1166 939 1213 pro
974 1167 1057 1198 reo
1093 1150 1464 1213 disputandum,
1493 1156 1662 1198 tamen
1794 1212 1795 1218 ἵ

160 1228 418 1291 adgrediar
441 1230 503 1277 ad
527 1230 803 1291 dicendum,
829 1249 891 1279 ne
915 1249 1024 1280 mea
1047 1232 1378 1296 propugnatio
1402 1233 1448 1279 ei
1471 1233 1662 1295 potissi·
1793 1249 1796 1278 1

160 1295 314 1356 11111111Η
331 1310 544 1358 defuisse
579 1312 819 1372 videatur,
858 1330 948 1376 per
984 1330 1131 1377 quem
1167 1321 1242 1361 est
1277 1314 1559 1376 perfectum,
1598 1329 1661 1360 ne

159 1392 332 1439 ceteris
356 1392 547 1440 civibus
572 1393 772 1442 deesset.
849 1397 1021 1458 Atque
1045 1412 1134 1458 ego
1158 1396 1227 1442 sic
1251 1400 1432 1455 statuo,
1457 1395 1656 1454 iudices,
1683 1414 1723 1447 15

159 1489 188 1519 a
222 1490 301 1520 me
335 1475 390 1520 in
425 1474 516 1521 hac
551 1491 698 1522 causa
732 1481 883 1539 atque
918 1477 1010 1524 hoc
1052 1483 1275 1524 extremo
1322 1477 1518 1525 dicendi
1554 1477 1660 1524 loco

158 1554 358 1616 pietatis
393 1556 556 1617 potius
590 1573 740 1619 quam
775 1558 1086 1617 defensionis,
1114 1560 1360 1622 querellae
1387 1575 1535 1622 quam
1567 1559 1661 1607 elo-

158 1634 401 1696 quentiae,
445 1634 626 1683 doloris
662 1653 810 1699 quam
847 1638 1036 1701 ingenii
1071 1639 1221 1701 partis
1256 1655 1359 1686 esse
1393 1645 1655 1702 susceptas.

105 1719 137 1765 4
158 1715 349 1777 Itaque,
377 1715 419 1762 si
442 1721 532 1763 aut
554 1718 713 1764 acrius
737 1734 880 1781 egero
903 1724 992 1766 aut
1015 1719 1234 1778 liberius,
1260 1736 1409 1782 quam
1432 1721 1519 1782 qui
1541 1725 1659 1767 ante

156 1810 234 1841 me
269 1795 520 1856 dixerunt,
557 1802 671 1859 peto
707 1814 736 1844 a
771 1799 911 1845 vobis
946 1804 1004 1845 ut
1038 1803 1238 1846 tantum
1273 1800 1487 1847 orationi
1522 1817 1659 1847 meae
1681 1818 1721 1850 20

155 1875 448 1935 concedatis,
474 1883 718 1940 quantum
741 1883 792 1926 et
824 1880 905 1942 pio
929 1880 1086 1927 dolori
1118 1886 1168 1927 et
1191 1882 1352 1928 iustae
1375 1882 1658 1929 iracundiae

156 1958 521 2005 concedendum
544 1961 743 2022 putetis.
817 1961 951 2008 Nam
984 1978 1144 2024 neque
1169 1963 1325 2010 officio
1349 1963 1658 2011 coniunctior

154 2037 294 2085 dolor
327 2039 459 2086 ullus
493 2056 596 2087 esse
631 2046 796 2103 potest
830 2058 979 2104 quam
1016 2043 1096 2090 hic
1131 2060 1269 2091 meus
1304 2050 1559 2108 susceptus
1593 2062 1656 2093 ex

154 2119 367 2166 hominis
390 2119 448 2167 de
472 2136 551 2167 me
576 2122 762 2183 optime
785 2123 951 2168 meriti
975 2123 1207 2185 periculo,
1224 2140 1387 2188 neque
1401 2126 1657 2174 iracundia

153 2200 308 2263 magis
331 2200 435 2247 ulla
469 2201 718 2249 laudanda
741 2210 816 2251 est
838 2220 987 2267 quam
1019 2222 1126 2252 mea
1157 2206 1464 2255 inflammata
1487 2225 1656 2256 eorum
1677 2227 1717 2260 ὅ
1778 2154 1791 2255 l

154 2282 344 2342 scelere,
383 2281 470 2343 qui
516 2298 627 2330 cum
664 2285 893 2331 omnibus
931 2301 1068 2332 meae
1105 2287 1280 2334 salutis
1317 2288 1655 2338 defensoribus
1784 2256 1791 2356 ξ

104 2368 131 2415 5
151 2363 337 2410 bellum
362 2379 464 2410 esse
487 2363 583 2411 sibi
605 2366 874 2426 gerendum
898 2366 1255 2415 iudicaverunt.
1302 2368 1399 2416 Sed
1422 2371 1656 2432 quoniam
1783 2358 1790 2467 J

153 2444 361 2507 singulis
393 2445 683 2493 criminibus
720 2449 871 2494 ceteri
895 2450 1271 2512 responderunt,
1297 2450 1457 2498 dicam
1481 2468 1569 2515 ego
1593 2452 1654 2500 de
1779 2467 1790 2552 ἰ

152 2526 287 2573 0111111
322 2531 457 2573 statu
491 2526 547 2574 P.
587 2527 732 2586 Sesti,
771 2529 831 2575 de
866 2546 1043 2592 genere
1079 2532 1225 2591 vitae,
1263 2531 1322 2579 de
1357 2537 1549 2592 natura,
1594 2534 1654 2582 de

151 2608 384 2667 moribus,
411 2608 471 2655 de
495 2608 774 2656 incredibili
797 2626 961 2657 amore
984 2611 1039 2657 in
1069 2612 1237 2670 bonos,
1264 2612 1324 2659 de
1355 2613 1521 2659 studio
1545 2629 1655 2661 con·
1675 2636 1716 2668 30
1780 2641 1789 2718 ἦ

153 2689 422 2737 servandae
447 2690 622 2737 salutis
647 2692 922 2739 communis
946 2697 1096 2755 atque
1121 2692 1212 2739 otii
1244 2694 1648 2756 contendamque,

152 2771 195 2818 si
229 2770 373 2818 modo
408 2770 461 2818 id
497 2772 726 2833 consequi
757 2777 942 2834 potero,
968 2778 1026 2820 ut
1060 2773 1114 2820 in
1149 2773 1239 2821 hac
1270 2775 1472 2822 confusa
1503 2781 1652 2839 atque
