1812 2950
179 136 260 204 *66
561 134 631 181 M.
683 132 900 181 TULLJ
940 131 1324 181 CICERONIS

193 264 375 313 cotidie
405 269 586 324 rueret,
611 265 819 311 verbum
850 263 956 322 feci,
990 263 1189 323 iudices,
1224 279 1495 326 numquam
1529 281 1690 327 neque

195 346 384 408 putavi,
409 361 520 392 cum
544 345 772 391 omnibus
797 343 1038 390 machinis
1069 359 1125 390 ac
1154 345 1428 402 tormentis,
1460 344 1527 405 vi,
1559 361 1693 392 exer-

195 426 312 484 citu,
362 425 513 487 copiis
549 440 872 487 oppugnarer,
911 423 973 470 de
1007 439 1106 470 uno
1142 422 1394 485 sagittario
1428 439 1506 470 me
1551 425 1691 486 queri

195 507 468 554 convenire.
532 505 666 552 Acta
689 521 797 552 mea
820 504 916 551 sibi
938 504 1011 551 ait
1033 504 1300 567 displicere.
1362 504 1485 561 Quis
1507 506 1693 552 nescit?

197 587 284 649 qui
330 587 485 649 legem
532 602 692 633 meam
744 590 1042 644 contemnat,
1103 600 1228 647 quae
1285 584 1499 631 dilucide
1555 591 1694 632 vetat
1713 598 1733 630 5
1806 565 1812 625 l

197 668 491 730 gladiatores
514 668 727 727 biennio,
755 683 853 730 quo
879 666 988 730 quis
1011 667 1213 729 petierit
1237 671 1325 713 aut
1348 667 1595 729 petiturus
1612 667 1691 727 sit,

81 747 176 795 134
199 748 341 796 dare?
378 747 443 794 In
461 764 558 810 quo
576 747 682 794 eius
697 748 1022 795 temeritatem
1043 746 1164 793 satis
1181 746 1363 804 mirari,
1380 747 1579 806 iudices,
1594 763 1695 793 non

198 845 337 892 queo.
378 827 518 876 Facit
528 829 833 891 apertissime
842 833 1013 876 contra
1027 828 1183 890 legem
1191 844 1206 887 3
1230 828 1348 875 facit
1362 829 1418 886 is,
1437 829 1523 892 qui
1537 844 1695 891 neque

199 910 328 957 elabi
351 927 413 957 ex
436 910 618 957 iudicio
641 910 951 957 iucunditate
975 925 1064 956 sua
1080 925 1240 972 neque
1257 909 1423 956 emitti
1439 910 1600 972 gratia
1615 926 1694 972 po-
1804 973 1805 978 1

198 996 298 1039 test
312 1007 471 1054 neque
480 991 653 1054 opibus
668 996 719 1038 et
731 992 956 1054 potentia
970 991 1100 1054 leges
1114 1007 1169 1039 ac
1183 991 1366 1038 iudicia
1379 991 1691 1055 perfringere.
1718 1010 1757 1040 10
1804 984 1805 996 ³

186 1072 340 1132 “Quae
354 1091 430 1122 res
445 1074 694 1122 hominem
708 1075 921 1137 impellit:
935 1079 993 1121 ut
1008 1075 1183 1121 sittam
1197 1074 1554 1137 intemperans?
1570 1073 1695 1141 [Iste

199 1156 353 1202 nimia
369 1155 554 1218 gloriae
573 1152 865 1221 cupiditate]
882 1155 1141 1202 Familiam
1159 1155 1515 1218 gladiatoriam,
1537 1157 1693 1217 credo,

200 1242 412 1285 nanctus
458 1241 535 1284 est
580 1237 859 1299 speciosam,
909 1236 1139 1296 nobilem,
1188 1237 1460 1299 gloriosam.
1534 1238 1698 1285 Norat

199 1317 365 1364 studia
398 1316 583 1379 populi,
617 1316 821 1362 videbat
853 1315 1086 1363 clamores
1117 1321 1168 1363 et
1199 1332 1463 1364 concursus
1486 1317 1691 1366 futuros.
1800 1373 1801 1379 ἵ

201 1397 314 1444 Hac
361 1396 728 1459 exspectatione
775 1396 933 1443 elatus
977 1395 1124 1443 homo
1169 1396 1381 1459 flagrans
1427 1398 1698 1460 cupiditate
1720 1413 1758 1446 15
1800 1396 1802 1466 ζ

198 1479 384 1542 gloriae
429 1484 598 1525 tenere
644 1494 695 1524 se
742 1494 842 1525 non
887 1478 1069 1540 potuit,
1117 1479 1239 1540 quin
1285 1495 1366 1526 eos
1403 1480 1699 1543 gladiatores

199 1560 466 1619 induceret,
505 1574 715 1621 quorum
761 1563 888 1605 esset
933 1558 1036 1621 ipse
1081 1559 1452 1621 pulcherrimus.
1537 1560 1592 1607 Si
1636 1562 1699 1608 ob

199 1659 307 1689 eam
343 1658 537 1688 causam
571 1646 792 1704 peccaret
825 1656 914 1703 pro
948 1640 1134 1687 recenti
1180 1641 1349 1703 populi
1390 1641 1605 1688 Romani
1645 1642 1699 1688 in

200 1738 251 1768 se
282 1721 518 1768 beneficio
550 1719 778 1783 populari
813 1719 979 1766 studio
1017 1720 1190 1782 elatus,
1228 1727 1395 1767 tamen
1428 1722 1699 1784 ignosceret

199 1819 372 1850 nemo:
437 1818 548 1850 cum
595 1817 711 1848 vero
758 1817 821 1848 ne
856 1802 916 1848 de
950 1802 1208 1849 venalibus
1243 1803 1441 1865 quidem
1476 1803 1699 1850 homines
1719 1825 1759 1855 20
1796 1807 1798 1839 ³

201 1884 390 1942 electos,
419 1883 504 1930 sed
528 1899 591 1929 ex
609 1882 870 1945 ergastulis
889 1888 1078 1945 emptos
1096 1883 1379 1930 nominibus
1396 1883 1699 1946 gladiatoriis

201 1964 391 2011 ornarit
425 1969 475 2010 et
510 1963 686 2010 sortito
722 1963 844 2009 alios
891 1962 1144 2022 Samnitis,
1193 1964 1315 2011 alios
1359 1971 1710 2026 provocatores·

199 2045 383 2104 fecerit,
411 2049 556 2091 tanta
591 2043 805 2102 licentia,
832 2049 974 2090 tanta
1008 2044 1171 2107 legum
1206 2045 1505 2108 contemptio
1535 2061 1700 2093 nonne

86 2129 177 2177 135
201 2142 348 2189 quem
383 2125 616 2171 habitura
662 2124 730 2171 sit
777 2125 965 2170 exitum
1012 2126 1342 2187 pertimescit?
1409 2125 1505 2172 Sed
1550 2125 1700 2173 habet
1792 2188 1793 2191 Ἰ

203 2206 511 2254 defensiones
557 2205 711 2254 duas:
769 2205 985 2266 primum
1033 2205 1155 2253 ‘Do’
1191 2207 1355 2268 inquit
1392 2207 1697 2256 ‘bestia-ios:
1718 2226 1758 2258 25
1791 2204 1794 2246 ¹

200 2289 282 2335 lex
306 2287 488 2350 scripta
515 2284 632 2353 [est]
658 2287 718 2333 de
742 2286 1129 2348 gladiatoribus'.
1205 2288 1422 2335 Festive!
1470 2288 1698 2350 Accipite
1792 2275 1793 2278 Ἰ

201 2368 389 2431 aliquid
413 2367 565 2414 etiam
588 2368 794 2415 acutius.
869 2368 1016 2414 Dicet
1050 2384 1102 2415 se
1136 2384 1238 2415 non
1271 2368 1579 2430 gladiatores,
1615 2369 1698 2415 sed

202 2466 356 2497 unum
381 2448 703 2511 gladiatorem
728 2449 846 2494 dare
870 2453 921 2494 et
943 2453 1099 2494 totam
1123 2449 1424 2495 aedilitatem
1441 2449 1495 2494 in
1519 2465 1699 2496 munus

201 2533 293 2578 hoc
328 2530 651 2577 transtulisse.
726 2530 984 2576 Praeclara
1018 2529 1273 2577 aedilitas!
1326 2546 1454 2577 unus
1489 2531 1577 2589 leo,
1614 2531 1700 2578 du·
1788 2522 1791 2589 J

202 2611 334 2658 centi
357 2609 594 2656 bestiarii.
667 2608 860 2655 Verum
892 2613 1066 2655 utatur
1098 2609 1188 2656 hac
1212 2609 1519 2657 defensione:
1555 2611 1698 2672 cupio
1720 2627 1762 2658 30
1782 2619 1789 2663 ς

203 2707 315 2738 eum
340 2707 456 2737 suae
479 2706 653 2737 causae
677 2689 918 2736 confidere
932 2705 947 2748 3
983 2690 1108 2736 solet
1130 2690 1262 2736 enim
1294 2690 1519 2736 tribunos
1542 2690 1698 2751 plebis

204 2772 450 2835 appellare
496 2775 548 2819 et
593 2772 645 2818 vi
698 2770 935 2817 iudicium
993 2770 1284 2830 disturbare,
1333 2786 1445 2817 cum
1502 2770 1693 2819 diffidit.
