1812 2950
164 149 243 206 -56
554 147 624 196 M.
677 146 897 195 TULLI
941 146 1328 196 CICERONIS

179 275 230 317 et
270 270 400 332 quod
445 270 588 316 illum
616 286 719 316 esse
750 270 986 332 populum
1023 270 1319 330 Romanum,
1354 272 1440 334 qui
1481 273 1535 319 in
1577 290 1685 320 con-

179 350 314 398 tione
354 357 473 409 erat,
524 351 874 408 arbitrabatur,
907 367 1008 398 non
1049 351 1214 398 tenuit
1258 369 1372 398 eum
1412 353 1586 413 locum,
1632 356 1684 400 in

180 447 339 494 quem,
381 431 479 478 nisi
526 431 772 494 popularis
811 447 914 478 esse
959 431 1206 490 voluisset,
1250 433 1478 480 facillime
1522 451 1685 496 perve—

182 511 347 558 nisset.
387 511 550 570 Alter,
588 511 675 573 qui
701 512 773 557 ita
811 527 863 558 se
898 511 953 557 in
982 512 1207 574 populari
1241 513 1429 560 ratione
1466 514 1684 573 iactarat,

183 597 240 651 ut
262 591 490 652 auspicia,
529 591 686 652 legem
719 591 931 649 Aeliam,
966 597 1164 638 senatus
1186 593 1541 651 auctoritatem,
1578 611 1685 641 con-
1712 611 1733 642 5

183 672 351 729 sulem,
415 673 636 734 collegas,
686 671 925 718 bonorum
971 673 1206 719 iudicium
1270 674 1414 720 nihili
1475 683 1685 737 putaret,

183 753 483 800 aedilitatem
499 754 677 815 petivit
700 770 812 800 cum
834 754 974 800 bonis
993 755 1111 801 viris
1134 760 1184 801 et
1207 755 1488 802 hominibus
1502 757 1686 819 primis,

185 836 268 882 sed
289 852 391 882 non
411 835 844 899 praestantissimis
860 837 1031 898 opibus
1055 844 1104 883 et
1121 837 1280 899 gratia
1302 854 1313 884 ι
1340 838 1527 884 tribum
1550 855 1690 886 suam

184 933 284 964 non
319 918 455 972 tulit,
485 917 765 964 Palatinam
814 918 1035 980 denique,
1075 934 1162 980 per
1190 935 1336 980 quam
1372 935 1538 967 omnes
1576 921 1690 968 illae
1790 974 1793 984 Ι

188 1004 348 1060 pestes
371 1015 549 1046 vexare
572 1016 676 1046 rem
708 999 952 1061 publicam
985 1000 1288 1059 dicebantur,
1313 1002 1527 1062 perdidit
1545 1020 1559 1062 3
1599 1019 1688 1050 nec
1719 1020 1758 1050 ιο
1781 984 1793 1001 ⁰

187 1081 447 1143 quicquam
492 1081 591 1128 illis
637 1082 849 1128 comitiis
894 1083 1026 1144 quod
1072 1082 1189 1128 boni
1234 1083 1331 1129 viri
1372 1084 1556 1131 vellent
1592 1085 1689 1131 nisi

185 1164 428 1225 repulsam
451 1163 582 1210 tulit.
655 1164 854 1210 Videtis
877 1163 1030 1225 igitur
1060 1164 1297 1226 populum
1329 1165 1504 1227 ipsum,
1530 1171 1588 1213 ut
1618 1167 1690 1213 ita

186 1243 357 1303 dicam,
383 1244 483 1289 iam
520 1260 620 1290 non
661 1260 762 1291 esse
802 1244 1099 1306 popularem,
1140 1244 1226 1306 qui
1266 1245 1337 1290 ita
1378 1246 1691 1293 vehementer

187 1339 282 1381 eos,
311 1324 398 1386 qui
421 1325 677 1385 populares
701 1324 959 1383 habentur,
987 1329 1197 1386 respuat,
1225 1340 1305 1371 eos
1329 1331 1506 1386 autem,
1534 1327 1622 1388 qui
1644 1328 1690 1374 ei

192 1404 360 1466 generi
382 1405 718 1466 adversantur,
743 1405 926 1452 honore
950 1405 1258 1467 dignissimos
1281 1405 1474 1454 iudicet.
1721 1424 1759 1455 15

74 1482 162 1530 115
290 1484 428 1533 LIV.
500 1485 772 1532 Veniamus
812 1486 874 1532 ad
915 1485 1085 1532 ludos:
1147 1486 1266 1532 facit
1305 1486 1451 1544 enim,
1493 1487 1688 1545 iudices,

191 1569 354 1611 vester
383 1565 475 1611 iste
499 1566 552 1611 in
577 1581 653 1611 me
676 1566 951 1612 animorum
975 1566 1322 1628 oculorumque
1347 1567 1607 1626 coniectus,
1633 1580 1691 1614 ut

190 1644 313 1690 mihi
345 1644 442 1691 iam
479 1646 623 1693 licere
660 1651 829 1708 putem
861 1647 1134 1694 remissiore
1165 1648 1240 1693 uti
1277 1663 1452 1709 genere
1484 1645 1689 1697 dicendi.

193 1725 515 1772 Comitiorum
562 1731 612 1772 et
658 1727 942 1773 contionum
987 1727 1365 1788 significationes
1416 1733 1533 1775 sunt
1577 1745 1693 1775 non·
1772 1773 1775 1779 ,

192 1821 457 1867 numquam
484 1806 686 1853 vitiatae
714 1812 862 1869 atque
893 1812 1180 1869 corruptae3
1217 1808 1481 1854 theatrales
1517 1809 1695 1870 gladia·
1722 1826 1793 1861 2021

191 1885 402 1947 toriique
427 1903 673 1933 consessus
697 1887 930 1934 dicuntur
953 1888 1152 1934 omnino
1186 1888 1340 1935 solere
1370 1889 1572 1935 levitate
1594 1905 1694 1935 non

193 1964 442 2011 nullorum
475 1971 661 2028 emptos
690 1967 890 2028 plausus
922 1968 1063 2013 exilis
1095 1972 1145 2014 et
1175 1983 1311 2014 raros
1339 1969 1568 2016 excitare.
1617 1969 1696 2015 Ac

194 2055 359 2093 tamen
408 2048 548 2094 facile
595 2057 682 2108 est,
723 2065 835 2095 cum
870 2049 923 2095 id
960 2049 1032 2107 fit,
1071 2065 1216 2111 quem
1255 2049 1317 2095 ad
1352 2050 1551 2096 modum
1579 2055 1630 2096 et
1666 2066 1696 2095 a

194 2129 373 2190 quibus
408 2131 495 2175 fiat
536 2138 586 2176 et
620 2131 738 2192 quid
779 2131 972 2192 integra
1018 2131 1285 2176 multitudo
1331 2131 1494 2184 saciat,
1516 2131 1690 2177 videre.

196 2210 327 2266 Quid
368 2227 455 2272 ego
508 2228 639 2257 nunc
685 2212 855 2272 dicam,
906 2212 1085 2273 quibus
1123 2212 1246 2258 viris
1283 2217 1372 2258 aut
1409 2212 1489 2258 cui
1528 2212 1697 2274 generi
1724 2226 1763 2258 as

194 2290 378 2336 civium
415 2292 627 2351 maxime
662 2292 957 2353 plaudatur‘l
997 2292 1260 2339 Neminem
1296 2296 1517 2338 vestrum
1548 2290 1692 2337 fallit.

198 2369 274 2416 Sit
297 2370 388 2416 hoc
412 2386 527 2416 sane
552 2372 673 2429 leve,
701 2372 829 2433 quod
866 2388 966 2418 non
1003 2372 1076 2417 ita
1113 2376 1202 2428 est,
1241 2371 1473 2433 quoniam
1513 2371 1698 2433 optimo

197 2453 372 2514 cuique
395 2452 703 2514 impertitur,
749 2453 847 2511 sed,
874 2454 916 2499 si
940 2458 1014 2499 est
1045 2453 1166 2510 leve,
1194 2452 1384 2499 homini
1413 2452 1555 2514 gravi
1590 2451 1699 2498 leve

197 2538 296 2593 est,
322 2533 367 2580 ei
385 2549 514 2592 vero,
537 2534 623 2596 qui
645 2535 826 2595 pendet
849 2534 996 2580 rebus
1013 2533 1287 2590 levissimis,
1308 2532 1395 2593 qui
1417 2547 1611 2577 rumore
1633 2538 1696 2590 et,

197 2619 256 2660 ut
292 2615 388 2676 ipsi
421 2615 708 2676 loquuntur,
745 2615 915 2661 favore
949 2614 1119 2677 populi
1155 2618 1354 2660 tenetur
1394 2619 1445 2659 et
1486 2613 1695 2670 ducitur,
1726 2627 1767 2658 30

197 2694 423 2756 plausum
463 2696 896 2755 immortalitatem,
940 2695 1140 2742 sibilum
1180 2701 1390 2740 mortem
1426 2693 1587 2740 videri
1620 2709 1696 2740 ne-

86 2775 174 2822 116
200 2790 328 2822 cesse
353 2779 438 2821 est.
514 2775 588 2821 Ex
625 2780 676 2822 te
712 2776 878 2837 igitur,
919 2774 1112 2834 Scaure,
1157 2774 1466 2836 potissimum
1503 2788 1696 2834 quaero,
