1812 2950
260 150 396 199 PRO
432 150 487 197 P.
528 148 770 198 SESTIO
809 145 1069 197 ORATIO
1105 147 1150 207 §g
1188 145 1382 194 72-76
1534 145 1595 194 37

95 280 198 327 sine
222 280 324 326 ulla
348 279 586 327 varietate
619 277 858 335 discessio,
885 275 1117 334 surrexit,
1144 280 1202 321 ut
1234 274 1382 334 scitis,
1408 274 1599 322 Atilius

95 360 173 406 hic
207 360 457 407 Gavianus
476 375 490 419 3
507 374 596 406 nec
629 374 776 405 ausus
808 362 894 416 est,
921 373 1033 404 cum
1066 361 1193 403 esset
1217 359 1425 418 emptus,
1451 355 1600 402 inter-

96 440 261 487 cedere
280 458 289 487 :
326 445 517 487 noctem
541 438 635 486 sibi
657 438 720 486 ad
743 438 1115 485 deliberandum
1139 436 1421 500 postulavit.
1495 435 1601 483 Cla-

95 537 200 568 mor
223 526 433 582 senatus,
454 520 710 583 querellae,
731 535 910 582 preces,
937 535 1073 567 socer
1095 519 1157 565 ad
1182 518 1328 581 pedes
1351 517 1584 564 abiectus.

49 617 69 649 5
87 601 178 649 Ille
203 618 252 649 se
276 602 531 649 adfirmare
555 606 748 664 postero
772 601 851 647 die
879 616 1065 647 moram
1098 601 1287 647 nullam
1322 614 1423 646 esse
1446 599 1599 646 factu-

94 700 214 730 rum.
269 683 521 731 Creditum
544 688 618 730 est
630 698 644 741 3
679 682 942 729 discessum
961 687 1048 730 est.
1098 681 1186 728 Illi
1207 682 1399 728 interea
1422 680 1599 727 delibe-

96 765 247 811 ratori
294 781 473 812 merces
518 764 663 826 longa
702 763 996 825 interposita
1034 767 1177 809 nocte
1218 761 1468 824 duplicata
1508 765 1596 811 est.

95 844 352 892 Consecuti
377 846 480 893 dies
502 845 647 908 pauci
670 844 870 892 omnino
894 844 1129 891 Ianuario
1158 859 1338 902 mense,
1365 858 1452 906 per
1476 856 1598 905 quos

95 931 320 973 senatum
355 927 524 974 haberi
547 927 730 985 liceret,
772 927 856 973 sed
879 931 1048 972 tamen
1076 931 1238 972 actum
1267 926 1395 972 nihil
1417 926 1514 972 nisi
1539 926 1600 972 de

31 1022 70 1056 ιο
97 1024 187 1058 me.

194 1088 422 1136 XXXV.
496 1087 620 1135 Cum
652 1089 787 1135 omni
809 1105 959 1148 mora,
985 1087 1331 1147 ludificatione,
1357 1087 1605 1134 calumnia
1629 1086 1688 1134 ¹75

94 1175 290 1218 senatus
320 1169 586 1216 auctoritas
617 1169 953 1232 impediretur,
981 1169 1120 1215 venit
1143 1169 1342 1215 tandem
1367 1168 1421 1214 in
1445 1169 1599 1214 conci-

14 1256 16 1287 ῐ
95 1249 160 1297 1ἱο
191 1250 251 1297 de
286 1265 364 1296 me
395 1249 573 1312 agendi
604 1249 722 1308 dies,
740 1264 836 1297 vul
871 1250 984 1297 Kal.
1020 1250 1161 1298 Febr.
1191 1249 1427 1311 Princeps
1461 1263 1600 1310 roga-

93 1330 257 1389 tionis,
295 1330 373 1376 vir
408 1330 532 1376 mihi
571 1331 904 1389 amicissimus,
949 1330 1005 1387 Q.
1047 1329 1316 1388 Fabricius,
1356 1327 1599 1391 templum

16 1424 67 1486 Ι15
93 1410 344 1474 aliquanto
375 1416 492 1458 ante
520 1411 678 1458 lucem
713 1411 979 1474 occupavit.
1053 1410 1263 1468 Quietus
1297 1424 1355 1457 eo
1386 1409 1466 1455 die
1499 1408 1600 1455 Ses-

92 1490 207 1550 tius,
224 1491 265 1537 is
289 1491 374 1553 qui
397 1496 470 1537 est
493 1491 553 1537 de
570 1491 622 1537 vi
644 1507 756 1538 reus
771 1508 785 1551 3
820 1495 956 1537 actor
980 1490 1058 1536 hic
1081 1489 1399 1551 defensorque
1424 1504 1598 1535 causae

97 1588 230 1619 meae
264 1573 390 1618 nihil
424 1573 747 1635 progreditur,
775 1572 978 1619 consilia
1004 1576 1255 1633 exspectat
1288 1571 1599 1618 inimicorum

18 1634 20 1698 s
97 1668 327 1700 meorum.
402 1653 557 1709 Quid‘e
579 1653 667 1712 illi,
712 1669 923 1716 quorum
964 1652 1165 1700 consilio
1212 1651 1266 1699 P.
1314 1651 1501 1699 Sestius
1546 1651 1599 1697 in

20 1760 21 1797 ᾗ
96 1733 332 1781 iudicium
370 1739 586 1795 vocatur,
619 1750 714 1798 quo
743 1751 793 1782 se
823 1739 967 1797 pacto
995 1734 1206 1797 gerunt?
1261 1731 1387 1782 Cum
1419 1733 1596 1792 forum,

19 1827 70 1887 '20
99 1815 365 1875 comitium,
397 1815 580 1862 curiam
612 1817 769 1863 multa
808 1817 868 1864 de
902 1822 1045 1864 nocte
1081 1817 1282 1864 armatis
1316 1817 1599 1865 hominibus

20 1898 23 1931 ὲ
95 1911 151 1942 ac
178 1896 329 1943 servis
360 1896 603 1958 plerisque
641 1898 1026 1960 occupavissent,
1057 1898 1298 1960 impetum
1325 1899 1514 1945 faciunt
1542 1897 1601 1945 in

21 1977 25 2138 ἱ
94 1977 388 2036 Fabricium,
422 1993 597 2024 manus
634 1979 876 2039 adferunt,
918 1980 1147 2027 occidunt
1180 1980 1458 2040 nonnullos,
1498 1981 1600 2028 vul-

93 2062 270 2104 nerant
300 2058 493 2106 multos.
567 2058 867 2107 Venientem
890 2061 944 2106 in
968 2061 1144 2120 forum,
1171 2061 1337 2108 virum
1359 2061 1603 2123 optimum
1626 2059 1688 2111 76

94 2143 144 2185 et
177 2139 641 2199 constantissimum,
676 2140 748 2187 M.
783 2140 1019 2204 Cispium,
1052 2142 1309 2189 tribunum
1344 2144 1514 2206 plebis,
1547 2145 1599 2192 vi

24 2205 352 2294 &depellunt
390 2220 586 2268 caedem
625 2221 678 2268 in
715 2222 822 2269 foro
857 2223 1126 2270 maximam
1160 2224 1365 2283 faciunt,
1403 2224 1598 2272 univer-

3 2339 5 2343 ,
25 2299 27 2355 ᾖ
90 2298 226 2361 sique
249 2298 494 2348 destrictis
516 2302 692 2364 gladiis
718 2308 768 2350 et
798 2303 1013 2350 cruentis
1041 2304 1096 2350 in
1119 2305 1346 2352 omnibus
1370 2305 1465 2352 fori
1489 2321 1597 2368 par-

26 2387 28 2448 3
90 2379 224 2427 tibus
271 2381 474 2430 fratrem
527 2399 704 2444 meum,
754 2385 917 2431 virum
965 2386 1222 2448 optimum,
1270 2386 1596 2434 fortissimum

26 2455 29 2526 ’χ
91 2461 282 2525 meique
315 2465 719 2523 amantissimum,
753 2467 906 2513 oculis
940 2469 1254 2529 quaerebant,
1286 2485 1403 2516 voce
1437 2486 1597 2532 posce-

27 2537 29 2602 ἶ
91 2540 231 2592 bant.
283 2543 501 2601 Quorum
546 2545 631 2592 ille
676 2546 789 2592 telis
834 2547 1047 2594 libenter
1088 2548 1142 2595 in
1183 2554 1324 2595 tanto
1364 2550 1502 2596 luctu
1541 2566 1596 2599 ac

28 2614 67 2686 ξπ)
94 2621 331 2670 desiderio
375 2627 473 2672 mei
518 2642 619 2674 non
665 2629 988 2690 repugnandi,
1033 2630 1118 2676 sed
1163 2631 1403 2678 moriendi
1451 2647 1597 2680 causa

92 2717 266 2766 corpus
292 2706 550 2754 obtulisset
583 2724 744 2770 suum,
773 2709 872 2756 nisi
903 2726 1043 2757 suam
1066 2711 1222 2758 vitam
1254 2712 1317 2759 ad
1340 2728 1471 2775 spem
1498 2714 1596 2762 mei

30 2783 33 2861 'i
92 2785 278 2833 reditus
302 2794 604 2838 reservasset.
678 2790 843 2838 Subiit
873 2796 1042 2839 tamen
1064 2793 1167 2839 vim
1191 2793 1327 2840 illam
1351 2794 1594 2844 nefariam

31 2867 33 2903 1
