1812 2950
174 136 253 205 718
561 137 630 185 M.
683 137 900 186 TULLI
943 137 1324 187 CICERONIS

187 265 467 313 condicione
502 271 606 313 tam
640 267 782 314 fortis
819 267 984 329 fuisse,
1020 272 1079 315 ut
1113 284 1223 315 cum
1260 267 1451 330 patriae
1485 267 1691 315 caritate

187 347 492 394 constantiae
526 348 733 410 gloriam
767 334 1104 396 comffifltaret.
1178 349 1300 396 Erat
1334 354 1499 396 autem
1534 366 1611 397 res
1645 350 1690 396 ei

185 443 298 474 cum
331 428 551 475 exercitu
583 428 634 477 G.
670 428 803 476 Mari
849 430 1049 488 invicto,
1099 429 1313 477 habebat
1344 430 1598 477 inimicum
1634 430 1685 477 O.

189 508 421 568 Marium,
470 514 861 557 conservatorem
905 511 1108 572 patriae,
1158 515 1355 557 sextum
1404 511 1502 557 iam
1549 511 1688 558 illum

186 590 492 637 consulatum
532 595 782 653 gerentem
794 607 808 650 3
859 607 936 638 res
981 596 1088 638 erat
1132 607 1244 638 cum
1290 591 1352 639 L.
1402 591 1684 651 Saturnino,
1715 609 1734 638 5

185 669 366 716 iterum
384 670 585 717 tribuno
598 670 679 733 pL,
701 671 940 733 vigilante
957 670 1153 718 homine
1172 672 1290 718 etin
1307 688 1452 719 causa
1466 673 1690 735 populari

186 751 229 797 si
263 766 364 798 non
397 751 663 811 moderate,
700 757 753 798 at
787 757 919 800 certe
953 752 1256 816 populariter
1290 754 1689 816 abstinenterque

183 835 391 879 versato.
433 832 605 891 Gessit,
631 848 694 879 ne
717 838 805 880 aut
828 833 991 880 victus
1019 850 1049 880 a
1078 834 1288 880 fortibus
1320 834 1441 880 viris
1469 850 1580 880 cum
1612 835 1688 881 de-

184 909 355 958 decore
378 911 573 958 caderet
595 917 684 959 aut
707 913 864 960 victor
886 913 1056 960 multis
1074 918 1125 960 et
1141 913 1350 960 fortibus
1374 913 1564 961 civibus
1585 929 1686 962 rem

95 990 157 1039 38
181 976 425 1054 publicam
449 993 660 1043 orbaret.
706 991 873 1039 Meam
898 1010 1092 1040 causam
1110 999 1310 1041 senatus
1332 996 1507 1058 palam,
1525 1012 1686 1059 eques·
1718 1013 1756 1044 ιο
1798 1051 1799 1054 ¹

183 1077 261 1120 ter
294 1072 413 1119 ordo
447 1073 694 1138 acerrime,
732 1079 909 1121 cuncta
942 1074 1095 1122 Italia
1128 1075 1333 1138 publice,
1372 1092 1539 1124 omnes
1572 1078 1687 1124 boni

184 1154 378 1216 proprie
412 1141 655 1216 e‘iaiXe‘que
685 1159 1007 1222 susceperant.
1044 1156 1144 1203 Eas
1178 1172 1255 1202 res
1285 1172 1540 1218 gesseram,
1575 1173 1687 1219 qua

184 1250 295 1281 rum
313 1250 414 1280 non
437 1250 566 1281 unus
588 1243 774 1294 auctor,
801 1235 886 1282 sed
908 1236 1012 1282 dux
1035 1236 1255 1283 omnium
1280 1237 1551 1284 voluntatis
1572 1237 1687 1284 fuis-

184 1331 300 1372 sem,
327 1331 547 1378 quaeque
570 1331 670 1362 non
693 1316 837 1363 modo
861 1317 923 1363 ad
947 1317 1244 1379 singularem
1280 1333 1440 1364 meam
1466 1318 1683 1380 gloriam,

184 1397 266 1443 sed
290 1397 354 1443 ad
387 1412 693 1444 communem
729 1397 935 1444 salutem
972 1398 1192 1445 omnium
1227 1398 1412 1445 civium
1451 1404 1502 1445 et
1540 1414 1688 1460 prope
1717 1414 1754 1446 15
1796 1424 1799 1456 ρ

182 1476 404 1539 gentium
432 1477 736 1539 pertinerent
743 1495 758 1537 3
793 1493 848 1524 ea
871 1478 1152 1525 condicione
1173 1493 1428 1540 gesseram,
1448 1483 1506 1525 ut
1523 1493 1687 1525 meum

183 1558 370 1605 factum
393 1573 584 1621 semper
606 1574 771 1605 omnes
794 1564 1043 1621 praestare
1066 1560 1291 1622 tuerique
1315 1559 1561 1607 deberent.

283 1639 464 1687 XVII.
538 1639 661 1685 Erat
716 1646 882 1687 autem
937 1640 1059 1687 mihi
1112 1641 1362 1688 contentio
1415 1657 1518 1687 non
1579 1656 1690 1688 cum

182 1721 368 1768 victore
424 1720 658 1779 exercitii,
706 1721 791 1768 sed
836 1737 947 1768 cum
994 1722 1153 1784 operis
1207 1722 1461 1769 conductis
1519 1727 1571 1769 et
1621 1722 1685 1768 ad

182 1801 509 1863 diripiendam
556 1803 727 1848 urbem
785 1802 1064 1860 concitatis3
1133 1802 1372 1848 habebam
1433 1802 1686 1849 inimicum
1715 1817 1756 1849 20
1793 1831 1797 1859 1

183 1898 285 1929 non
326 1881 378 1930 O.
416 1882 649 1942 Marium,
686 1887 922 1929 terrorem
958 1883 1188 1942 hostium,
1230 1899 1364 1944 spem
1399 1882 1688 1929 subsidium·

184 1977 279 2023 que
317 1961 520 2024 patriae,
563 1962 648 2009 sed
682 1963 780 2009 duo
809 1963 1092 2025 importuna
1125 1964 1359 2026 prodigia,
1398 1979 1519 2025 quos
1554 1978 1685 2024 eges-

184 2050 273 2102 tae,
310 2059 432 2106 quos
464 2044 591 2090 aeris
629 2044 778 2090 alieni
815 2044 1119 2106 magnitudo,
1166 2060 1287 2107 quos
1328 2045 1516 2102 levitas,
1566 2060 1687 2107 quos

96 2124 155 2171 39
182 2123 469 2185 improbitas
503 2124 705 2170 tribuno
751 2123 907 2186 plebis
941 2124 1230 2172 constrictos
1264 2125 1551 2185 addixerat,
1595 2141 1686 2172 nec

186 2204 308 2250 mihi
343 2209 452 2251 erat
495 2220 574 2252 res
620 2221 733 2251 cum
780 2205 1060 2297 Saturnino,
1101 2206 1201 2268 qui,
1234 2206 1364 2268 quod
1401 2223 1432 2253 a
1460 2222 1512 2253 se
1540 2222 1685 2268 quae-
1712 2221 1752 2253 25

94 2292 101 2304 '
185 2289 315 2332 store
347 2284 585 2332 Ostiensi
583 2302 686 2348 per
698 2263 1035 2355 ignominiam
1068 2287 1147 2355 ad
1201 2287 1438 2349 rincipem
1468 2292 1519 2334 et
1551 2303 1684 2334 sena-
1790 2302 1794 2351 J

185 2371 266 2413 tus
320 2371 371 2413 et
427 2367 658 2425 civitatis,
718 2367 787 2417 M.
841 2367 1026 2415 Scauru
1081 2405 1092 2428 ,
1152 2385 1256 2415 rem
1308 2369 1679 2415 frumentariam
1791 2360 1793 2375 ¹

187 2446 479 2493 translatam
510 2447 707 2506 sciebat,
734 2448 950 2495 dolorem
984 2464 1128 2495 suum
1162 2465 1339 2511 magna
1373 2449 1684 2496 contentione
1790 2507 1792 2510 Ι

183 2527 339 2573 animi
365 2516 757 2590 persequebatur,
792 2529 877 2576 sed
913 2545 1025 2576 cum
1058 2546 1335 2577 scurrarum
1366 2529 1683 2592 locupletium
1789 2514 1793 2591 J

185 2614 357 2667 scorto,
384 2625 495 2655 cum
519 2610 696 2656 sororis
717 2610 955 2667 adultero,
979 2626 1090 2657 cum
1113 2616 1398 2673 stuprorum
1419 2610 1682 2669 sacerdote,
1710 2625 1752 2657 ³0
1789 2594 1792 2613 ι

186 2705 298 2736 cum
337 2690 565 2750 venefico,
608 2706 720 2738 cum
758 2692 1140 2751 testamentario,
1181 2709 1292 2739 cum
1338 2693 1522 2752 sicario,
1572 2708 1682 2739 cum

188 2769 377 2816 latrone
401 2790 415 2833 3
476 2786 598 2833 quos
621 2770 843 2818 homines
873 2772 929 2831 si,
953 2772 1006 2818 id
1035 2772 1167 2835 quod
1190 2771 1332 2819 facile
1356 2772 1491 2819 factu
1513 2772 1611 2820 fuit
1632 2776 1686 2819 et
