1812 2950
189 129 250 177 16
549 129 620 177 M.
673 129 892 178 TULLI
932 128 1317 179 CICERONIS

184 265 360 322 sponte
383 259 605 307 homines
629 260 682 306 in
700 260 969 308 amicorum
988 261 1220 323 periculis
1237 261 1473 319 vestitum
1491 268 1685 310 mutare

184 357 286 389 non
309 343 501 389 solent?
534 358 624 404 pro
647 347 697 389 te
720 342 839 404 ipso,
868 342 1000 402 Piso,
1020 358 1229 389 nemone
1246 343 1486 391 mutabit?
1520 345 1685 391 neisti

185 423 398 487 quidem,
425 439 546 486 quos
571 423 756 486 legatos
779 439 882 470 non
904 423 1048 470 modo
1071 424 1211 470 nullo
1229 430 1429 483 senatus
1446 425 1681 485 consulto,

185 504 271 552 sed
303 505 453 551 etiam
485 509 791 566 repugnante
824 508 998 550 senatu
1030 504 1125 550 tibi
1156 509 1266 551 tute
1289 504 1485 567 legistiz
1552 505 1685 568 Ergo
1798 563 1799 566 Ἰ

183 584 398 630 hominis
421 584 669 646 desperati
686 588 738 630 et
754 583 1023 646 proditoris
1040 585 1112 630 rei
1128 584 1353 646 publicae
1370 601 1537 631 casum
1557 586 1687 648 luge-
1706 602 1727 634 5
1798 588 1799 593 ’

185 665 312 711 bunt
342 663 552 711 fortasse
588 664 674 726 qui
709 664 907 711 volent:
955 664 1077 711 civis
1111 665 1446 712 florentissimi
1480 666 1686 713 benevo-

183 745 340 792 lentia
362 746 604 793 bonorum
627 750 679 792 et
702 746 886 808 optime
911 746 971 793 de
995 746 1154 793 salute
1172 746 1362 808 patriae
1380 747 1546 793 meriti
1564 748 1687 810 peri-

183 827 348 874 culum
391 828 711 875 coniunctum
751 844 863 875 cum
903 828 1120 891 periculo
1161 828 1378 875 civitatis
1416 829 1585 890 lugere
1618 844 1688 876 se-

183 909 329 955 natui
351 925 452 956 non
476 909 678 956 licebit-,2
749 909 1023 972 Eidemque
1056 910 1294 968 consuleS,
1329 909 1372 956 si
1403 910 1687 973 appellandi

183 994 305 1038 sunt
350 991 587 1050 consules,
636 1007 757 1054 quos
802 1007 947 1038 nemo
994 997 1070 1038 est
1114 992 1239 1053 quin
1284 1008 1384 1039 non
1431 992 1577 1039 modo
1623 1008 1687 1040 ex
1708 1011 1749 1043 10
1796 999 1799 1018 ³

183 1073 432 1133 memoria,
467 1073 553 1120 sed
585 1073 733 1119 etiam
769 1089 833 1120 ex
864 1073 1008 1119 fastis
1039 1073 1320 1120 evellendos
1353 1078 1511 1136 putet,
1545 1078 1686 1136 pacto
1796 1064 1797 1067 Ἴ

183 1151 285 1199 iam
307 1152 501 1199 foedere
525 1153 905 1215 provinciarum,
932 1152 1164 1215 producti
1194 1153 1249 1199 in
1280 1153 1409 1200 circo
1441 1153 1686 1201 Flaminio

183 1231 238 1278 in
269 1232 548 1279 contionem
581 1233 643 1279 ab
674 1232 762 1279 illa
796 1232 930 1279 furia
964 1248 1020 1279 ac
1055 1238 1195 1295 peste
1229 1233 1432 1295 patriae,
1470 1235 1687 1281 maximo

184 1329 297 1359 cum
331 1313 521 1375 gemitu
556 1317 721 1359 vestro
755 1312 843 1358 illa
883 1312 1063 1372 omnia,
1102 1329 1228 1375 quae
1261 1318 1372 1360 tum
1406 1318 1576 1360 contra
1610 1330 1688 1360 me
1795 1365 1798 1378 Ι

185 1399 451 1457 contraque
474 1410 580 1441 rem
602 1394 854 1457 publicam
885 1393 1168 1456 emebantur,
1204 1410 1323 1442 voce
1353 1410 1409 1441 ac
1440 1395 1688 1442 sententia
1709 1412 1747 1444 15
1794 1390 1799 1427 ἕ

182 1492 273 1524 sua
303 1477 758 1539 comprobaverunt.

284 1558 406 1608 XV.
463 1559 726 1621 Isdemque
741 1558 1027 1605 consulibus
1044 1558 1330 1606 sedentibus
1344 1563 1493 1621 atque
1505 1558 1688 1621 inspec-

182 1641 409 1688 tantibus
423 1641 528 1687 lata
541 1641 623 1687 lex
638 1645 728 1701 est,
738 1657 800 1687 ne
815 1640 1035 1702 auspicia
1048 1640 1287 1698 valerent,
1298 1655 1362 1686 ne
1377 1639 1487 1702 quis
1501 1641 1689 1686 obnun-

182 1721 346 1780 tiaret,
364 1736 426 1766 ne
441 1722 551 1782 quis
565 1720 663 1783 legi
677 1720 1021 1778 intercederet,
1040 1725 1098 1767 ut
1113 1720 1342 1766 omnibus
1355 1719 1497 1766 fastis
1515 1720 1688 1767 diebus
1786 1774 1792 1790 1

182 1799 341 1862 legem
355 1799 476 1847 ferri
491 1800 674 1859 liceret,
685 1804 744 1846 ut
758 1800 841 1847 lex
856 1800 1019 1858 Aelia,
1030 1800 1112 1846 lex
1128 1800 1271 1846 Fufia
1285 1815 1348 1846 ne
1356 1800 1565 1849 valeret:
1590 1815 1687 1861 qua
1707 1813 1748 1846 20
1785 1794 1790 1833 ἶ

184 1897 284 1927 una
300 1881 558 1943 rogatione
576 1881 687 1943 quis
706 1885 781 1927 est
795 1881 883 1943 qui
896 1896 998 1927 non
1012 1881 1272 1942 intellegat
1286 1880 1568 1927 universam
1583 1896 1687 1927 rem

99 1970 163 2019 34
181 1963 430 2025 publicam
455 1979 559 2010 esse
583 1963 829 2009 deletam?
897 1962 1162 2024 Isdemque
1187 1962 1469 2009 consulibus
1500 1962 1685 2025 inspec-

181 2043 409 2090 tantibus
456 2060 711 2091 servorum
752 2010 962 2091 dilgltus
1001 2043 1278 2094 habebatur
1294 2059 1438 2123 pro
1447 2044 1687 2091 tribunali

183 2124 394 2172 Aurelio
438 2125 638 2171 nomine
685 2125 1013 2187 collegiorum,
1057 2141 1168 2171 cum
1215 2100 1438 2171 vicatim
1459 2125 1683 2172 homines

183 2206 619 2266 conscriberentur,
656 2206 880 2253 decuriar
883 2211 1043 2265 entur,
1078 2206 1142 2253 ad
1174 2206 1277 2252 vim
1305 2207 1370 2253 ad
1400 2222 1590 2267 manus,
1621 2207 1684 2254 ad
1706 2221 1747 2254 25

182 2286 380 2333 caedem
404 2286 467 2332 ad
500 2287 828 2348 direptionem
860 2287 1205 2333 incitarentur.
1277 2287 1540 2349 Isdemque
1573 2303 1682 2335 con-

182 2367 374 2414 sulibus
397 2383 534 2413 arma
556 2367 611 2413 in
634 2368 875 2430 templum
896 2367 1116 2415 Castoris
1133 2367 1298 2429 palam
1316 2368 1685 2430 comportaban-

182 2452 280 2505 tur,
314 2447 498 2509 gradus
530 2447 750 2494 eiusdem
781 2448 957 2510 templi
987 2448 1303 2507 tollebantur,
1330 2450 1509 2495 armati
1531 2449 1683 2505 homi-

182 2544 270 2576 nes
299 2528 463 2575 forum
494 2533 545 2575 et
577 2528 829 2575 contiones
859 2530 1113 2588 tenebant,
1142 2530 1313 2576 caedes
1335 2502 1680 2592 laffffitlones-

182 2624 279 2672 que
308 2609 510 2667 fiebant,
542 2609 710 2656 nullus
742 2615 848 2655 erat
879 2615 1095 2670 senatus,
1133 2610 1262 2656 nihil
1294 2611 1472 2673 reliqui
1507 2612 1681 2673 magis-
1701 2628 1744 2662 ao

182 2694 359 2747 tratus,
408 2704 536 2735 unus
583 2704 778 2735 omnem
825 2690 1047 2735 omnium
1092 2694 1388 2752 potestatem
1436 2690 1585 2736 armis
1631 2695 1681 2736 et

182 2768 453 2815 latrociniis
476 2768 756 2829 possidebat
778 2784 879 2819 non
903 2769 1068 2830 aliqua
1093 2769 1147 2815 vi
1171 2785 1272 2828 sua,
1307 2769 1405 2827 sed,
1440 2785 1551 2816 cum
1583 2770 1680 2816 duo

1795 1127 1799 1179 3

1795 1191 1799 1229 ³

1794 1232 1799 1281 1

1786 1667 1797 1741 ἓ
