1812 2950
749 123 979 174 Noms
1552 123 1615 170 95
1640 186 1647 192 .

110 264 215 299 natu
246 264 354 310 etc.;
392 269 451 299 on
478 257 552 299 the
585 255 791 297 omission
821 255 868 295 of
901 254 975 295 the
1009 254 1172 306 subiect
1212 253 1356 294 before
1386 255 1615 306 facturum,

111 313 289 352 because
319 311 366 352 of
390 311 464 352 the
490 309 714 362 preceding
743 307 984 350 accusative
1014 310 1122 349 hunc
1150 307 1206 348 cf.
1236 319 1294 350 or.
1319 308 1366 346 in
1396 307 1486 348 Mil.
1515 310 1537 358 ἕ
1564 309 1616 349 52

114 367 220 405 hunc
242 378 345 417 prae
366 378 407 405 se
429 366 569 405 tulisse
594 364 670 404 illo
695 364 763 403 die
786 364 919 403 Roma
948 363 1168 403 exiturum.
1238 361 1318 403 See
1349 361 1507 412 Zumpt
1540 361 1615 401 Gr.

112 419 246 469 5605,
270 418 442 469 Madvig
467 417 540 459 Gr.
561 419 583 468 ἓ
602 417 695 465 401,
725 416 875 467 Mayor
901 428 958 456 on
986 415 1172 467 Philipp.
1196 427 1232 456 11
1255 415 1347 465 §49
1375 414 1405 455 1.
1436 415 1476 465 2,
1507 414 1617 456 Reid

114 485 169 513 on
189 485 250 513 or.
272 485 314 524 p.
339 473 442 513 Sull.
462 475 483 523 5
503 472 598 512 391.
620 471 659 518 4,
679 470 810 511 Acad.
832 482 849 509 1
870 473 892 520 ἓ
913 471 963 510 18
984 469 1048 509 ed.
1070 471 1107 511 2.

193 564 234 602 P.
260 566 298 612 8,
320 561 349 603 1.
371 562 409 602 1.
464 561 597 612 quod]
626 561 670 601 to
689 559 741 600 be
752 560 883 600 taken
902 559 1007 600 with
1017 561 1181 612 foedus.

193 652 406 702 nefarius]
453 650 558 691 used
577 649 889 701 substantively
916 649 1002 690 like
1025 651 1247 690 sceleratus
1279 648 1365 690 and
1396 648 1520 690 other
1546 648 1616 688 ad·

114 705 316 756 Jectives3
356 718 422 745 see
450 705 582 745 above
605 705 635 744 1.
668 705 732 746 29.
790 715 845 745 ex
879 708 1075 745 omnium
1108 707 1322 744 scelerum
1356 707 1615 745 conluvione

115 761 265 810 natus]
302 764 311 781 ‘
326 772 351 799 a
379 761 571 799 monster
599 758 895 809 compounded
928 758 974 797 of
1003 758 1060 798 all
1100 759 1211 798 sorts
1247 757 1290 798 of
1319 757 1618 797 abomination

116 813 203 854 and
230 812 388 853 crime.’
459 811 683 853 Manutius
713 823 931 862 compares
961 824 1023 851 or.
1058 811 1104 851 in
1136 811 1223 852 Pis.
1254 823 1290 852 c.
1316 813 1341 853 9
1370 812 1533 851 animal
1569 824 1619 851 ex

115 869 294 919 nefariis
307 869 475 918 stupris,
496 879 544 907 ex
562 868 682 906 civili
701 878 856 916 cruore,
885 879 935 906 ea·
957 867 1137 905 omnium
1156 866 1353 906 scelerum
1371 865 1618 916 importuni-

117 927 202 962 tate
221 927 261 961 et
277 923 543 973 fla-yitiorum
561 922 805 972 impuritate
826 926 1075 971 conceptum.

195 1010 224 1050 1.
246 1012 281 1052 2.
343 1011 659 1061 parum—nisi]
704 1014 714 1033 ‘
734 1010 789 1049 he
821 1009 859 1049 is
896 1010 973 1049 not
1012 1008 1208 1049 satisfied
1226 1008 1473 1059 —unless‚’
1515 1010 1620 1049 ‘not

117 1064 417 1115 enough—but
446 1064 502 1103 he
534 1067 652 1104 must
686 1063 806 1104 also.'
854 1063 918 1105 Of.
943 1063 1078 1103 below
1097 1065 1119 1113 ἓ
1139 1065 1205 1111 32,
1227 1075 1289 1103 or.
1310 1075 1353 1114 p.
1374 1063 1497 1103 Rosc.
1519 1063 1616 1102 Am.

116 1119 208 1168 §49
234 1124 280 1158 ut
310 1131 491 1170 parum
526 1120 718 1158 miseriae
747 1119 806 1158 sit
833 1118 942 1168 quod
975 1119 1075 1158 aliis
1105 1119 1247 1165 coluit,
1286 1118 1483 1165 nonsibi,
1515 1118 1618 1157 nisi

117 1174 243 1212 etiam
277 1174 386 1223 quod
413 1173 577 1213 omnino
605 1173 748 1219 coluit,
781 1173 950 1212 crimini
976 1173 1128 1223 fuerit,
1169 1171 1262 1211 Liv.
1296 1182 1463 1211 xxxvnr
1497 1171 1562 1220 54,
1596 1172 1620 1211 9

115 1239 286 1277 parum
305 1228 439 1278 fuisse
466 1239 548 1266 non
578 1226 748 1266 laudari
760 1238 839 1276 pro
858 1227 1005 1265 rostris
1027 1226 1080 1265 P.
1112 1227 1374 1276 Africanum,
1402 1230 1498 1276 post
1515 1237 1618 1264 mor-

119 1287 210 1328 tem,
230 1282 336 1320 nisi
352 1281 480 1320 etiam
499 1285 777 1327 accusaretur,
794 1291 839 1319 v1
859 1280 925 1327 40,
949 1279 1000 1319 18
1015 1291 1194 1330 parum
1213 1285 1285 1329 est,
1310 1281 1362 1326 si,
1384 1281 1501 1319 cuius
1516 1291 1618 1330 pars

119 1337 205 1374 tria
233 1335 370 1374 adhuc
402 1335 522 1374 nulla
542 1336 648 1385 fuit,
682 1337 730 1373 in
749 1339 914 1384 partem
942 1335 1029 1373 eius
1060 1335 1188 1382 venis,
1226 1334 1330 1373 nisi
1354 1339 1521 1384 partem
1552 1345 1620 1383 pe-

119 1390 239 1428 tendo
261 1394 389 1428 totum
409 1389 585 1428 traxeris
603 1392 618 1427 ‚²
647 1387 759 1426 Plin.
781 1387 936 1437 Paneg.
958 1388 1010 1427 60
1029 1399 1206 1438 parum
1224 1392 1285 1426 est
1312 1393 1359 1426 ut
1387 1388 1435 1426 in
1461 1388 1623 1427 curiam

117 1444 276 1489 venias,
296 1443 400 1482 nisi
421 1448 460 1480 et
480 1454 685 1481 convoces.

197 1526 228 1566 1.
249 1528 288 1567 3.
322 1531 545 1567 cautorem
563 1529 699 1566 alieni
717 1526 918 1576 periculi]
947 1524 1022 1565 i.e.
1044 1523 1359 1576 Pompeium,
1381 1523 1472 1574 qui
1490 1523 1623 1564 mihi

120 1593 146 1621 a
172 1580 355 1620 Clodio
386 1592 563 1620 cavere
593 1580 840 1620 voluerat.
906 1580 1100 1619 Gautor
1124 1577 1162 1618 is
1191 1577 1279 1628 qui
1307 1577 1467 1618 alteri
1494 1578 1621 1628 peri-

121 1635 295 1674 culum
314 1635 472 1684 cavet,
498 1636 510 1656 ‘
526 1645 607 1674 one
618 1633 714 1673 who
724 1634 910 1684 protects
929 1631 1138 1680 anothe1·‚’
1163 1633 1175 1654 ‘
1191 1631 1455 1682 champion,’
1474 1634 1554 1672 not
1573 1643 1622 1672 as

119 1688 155 1729 it
168 1688 206 1728 is
220 1687 444 1738 explained
457 1687 504 1728 in
515 1687 841 1728 Lewis-Short's
860 1686 1122 1738 Dictionary‚
1148 1690 1158 1708 ‘
1170 1687 1344 1736 surety,’
1361 1685 1495 1726 ‘baiL’
1537 1686 1624 1738 [Mr

120 1742 226 1782 Reid
251 1742 407 1781 doubts
431 1741 489 1782 its
514 1741 797 1792 genuineness
824 1740 912 1783 and
937 1740 1086 1781 thinks
1107 1739 1143 1779 it
1161 1739 1370 1791 probably
1388 1751 1414 1780 a
1432 1740 1546 1790 gloss
1566 1752 1623 1780 on

120 1796 192 1836 the
211 1795 392 1847 original
408 1795 556 1847 word.]
646 1799 738 1836 suis
756 1797 947 1844 propriis
966 1795 1190 1846 periculis]
1222 1795 1233 1817 ‘
1246 1793 1428 1845 dangers
1447 1796 1493 1834 to
1511 1793 1623 1834 him-

121 1850 200 1890 self
218 1849 501 1901 exclusively.’

197 1934 228 1974 1.
248 1934 288 1974 4.
343 1934 592 1985 terruisset]
613 1933 720 1974 Intr.
737 1936 759 1984 g
781 1934 832 1975 19
853 1932 940 1973 and
957 1945 1001 1974 n.
1026 1944 1084 1972 on
1103 1934 1125 1982 ἓ
1141 1932 1233 1975 691.
1254 1933 1320 1973 14.

200 2022 220 2069 ἓ
240 2024 301 2069 16,
326 2020 354 2058 l.
376 2020 414 2061 5.
473 2023 670 2060 vinctam
688 2019 915 2069 auspiciis]
941 2017 1088 2058 Cicero
1107 2017 1224 2068 gives
1244 2029 1269 2058 a
1289 2016 1474 2057 detailed
1493 2018 1622 2058 state·

119 2076 239 2113 ment
259 2085 315 2112 on
334 2073 422 2113 this
442 2073 603 2124 subject
621 2072 668 2112 in
687 2072 757 2112 his
784 2071 937 2122 speech
955 2073 1004 2112 de
1026 2073 1143 2111 domo
1163 2084 1241 2111 sua
1262 2083 1298 2111 c.
1321 2071 1384 2120 14,
1409 2071 1456 2110 in
1486 2070 1624 2111 which

119 2126 175 2167 he
195 2127 314 2167 seeks
332 2129 376 2166 to
395 2139 524 2178 prove
542 2126 638 2167 that
657 2126 731 2167 the
752 2125 956 2177 adoption
975 2125 1022 2166 of
1038 2125 1213 2165 Clodius
1232 2137 1318 2165 was
1338 2125 1514 2171 invalid‚
1537 2125 1625 2165 and

122 2181 389 2231 accordingly
407 2181 466 2221 all
479 2181 576 2221 that
600 2180 774 2221 Clodius
794 2193 841 2220 as
852 2179 1024 2220 tribune
1045 2179 1208 2220 carried
1226 2178 1413 2229 through
1435 2182 1552 2219 must
1569 2178 1621 2218 be

121 2234 323 2285 regarded
338 2247 384 2274 as
400 2235 566 2286 illegal:
599 2237 682 2285 §3⁷
700 2235 824 2274 bears
844 2233 1070 2284 especially
1088 2245 1204 2284 upon
1223 2233 1332 2273 this:
1364 2245 1469 2284 quae
1490 2235 1625 2273 maior

122 2290 332 2329 calumnia
361 2295 419 2329 est
446 2301 570 2340 quam
595 2291 737 2329 venire
765 2289 984 2328 imberbem
1011 2289 1376 2338 adulescentulum,
1410 2287 1506 2326 bene
1534 2288 1622 2326 val-

124 2348 253 2382 entem
284 2355 333 2382 ac
357 2345 554 2382 maritum
584 2341 806 2396 (Fonteius
833 2354 919 2382 was
951 2342 1094 2393 barely
1132 2342 1183 2381 20
1210 2352 1334 2392 years
1371 2339 1442 2380 old
1477 2343 1521 2380 at
1552 2340 1624 2380 the

123 2395 256 2449 time),
278 2397 413 2437 dicere
432 2410 473 2436 se
483 2399 628 2449 filium
649 2402 874 2436 senatorem
893 2397 1042 2447 populi
1070 2396 1250 2435 Romani
1269 2396 1351 2435 sibi
1369 2396 1474 2435 velle
1495 2395 1622 2445 adop-

124 2455 212 2490 tare
223 2464 236 2490 :
266 2451 314 2490 id
331 2456 470 2490 autem
486 2452 592 2491 scire
608 2457 648 2491 et
662 2451 802 2490 videre
815 2451 958 2498 omnis,
975 2456 1116 2490 nonut
1130 2450 1204 2489 ille
1213 2450 1337 2501 filius
1357 2450 1621 2496 instituatur,

123 2504 194 2543 sed
210 2509 268 2554 ut,
291 2505 330 2544 si
358 2516 378 2543 e
401 2506 599 2556 patriciis
629 2510 762 2554 emeat,
799 2505 986 2544 tribunus
1010 2505 1146 2555 plebis
1164 2504 1267 2554 fieri
1286 2504 1433 2554 possit,
1464 2503 1622 2542 idcirco

125 2557 347 2608 adoptari?
375 2571 503 2608 neque
523 2559 570 2597 id
589 2559 776 2604 obscure;
809 2570 907 2597 nam
924 2559 1167 2609 adoptatum
1178 2558 1437 2607 emancipari
1463 2557 1621 2603 statim,

125 2622 174 2649 ne
199 2613 256 2650 sit
280 2613 367 2650 eius
389 2613 512 2662 filius
543 2614 616 2663 qui
645 2613 872 2662 adoptarit.
932 2612 1017 2651 Cur
1043 2623 1138 2660 erqo
1167 2611 1423 2661 adoptabat?
1447 2610 1623 2660 probate

125 2675 249 2711 glenus
275 2666 511 2715 adoptionis
518 2679 533 2711 ;
573 2667 661 2704 iam
681 2667 862 2705 omnium
890 2677 1013 2705 sacra
1042 2666 1299 2710 interierint,
1334 2675 1506 2714 quorum
1534 2675 1621 2703 cus-

127 2717 236 2756 todes
265 2729 335 2757 vos
373 2730 456 2758 esse
495 2719 647 2758 debetis
659 2732 675 2765 ;
723 2720 811 2758 iam
841 2719 1053 2769 patricius
1089 2730 1204 2758 nemo
1234 2719 1624 2768 relinquetur...1ta

126 2770 299 2819 populus
328 2771 536 2811 Romanus
571 2773 685 2811 brevi
717 2777 891 2823 tempore
924 2783 1055 2822 neque
1084 2783 1219 2822 reyem
1247 2783 1455 2810 sacrorum
1491 2783 1621 2822 neque
