1812 2950
170 128 236 178 40
525 129 598 177 M.
650 127 873 177 TULLI
914 128 1304 179 CICERONIS

168 260 220 307 id
244 274 346 307 non
368 275 457 307 sua
480 259 624 322 culpa
635 276 649 319 3
682 258 825 322 plaga
853 276 954 307 una
977 260 1065 307 illa
1089 265 1314 308 extrema
1336 261 1508 319 defuit,
1537 278 1662 324 quae

168 340 210 387 si
234 340 526 399 accessisset,
551 340 799 402 reliquum
831 332 1063 401 spiritum
1087 340 1408 390 exhausisset.
1470 343 1668 389 Accusa

169 420 457 468 Lentidium
474 437 489 480 3
542 436 643 466 non
690 420 930 482 percussit
973 420 1135 467 locum
1156 437 1171 481 3
1224 421 1353 468 male
1400 420 1479 468 dic
1520 422 1667 482 Titio,

170 500 352 548 Sabino
397 499 587 546 homini
628 499 858 559 Reatino,
906 516 995 547 cur
1024 505 1130 547 tam
1167 506 1351 548 temere
1387 501 1673 549 exclamarit

167 582 392 629 occisum.
443 582 617 643 Ipsum
635 596 751 627 vero
769 579 890 643 quid
904 596 1104 628 accusas
1120 582 1137 628 'l
1156 597 1279 628 num
1293 582 1452 629 defuit
1468 582 1671 645 gladiis?
1691 597 1714 630 ⁵
1791 583 1793 587 ’

167 679 288 709 1111111
313 662 640 724 repugnavit‘l
663 678 798 721 num,
820 667 879 709 ut
902 662 1262 725 gladiatoribus
1279 662 1515 726 imperari
1532 663 1671 723 solet,
1792 648 1793 659 ¹

167 744 354 791 ferrum
378 760 480 789 non
501 743 716 806 recepit2

269 823 592 870 XXXVIII.
649 824 736 870 An
755 824 874 872 haec
888 824 995 887 ipsa
1011 824 1089 872 vis
1107 829 1197 883 est,
1213 840 1316 872 non
1333 841 1473 888 posse
1491 826 1676 873 emori}

169 922 235 953 an
257 905 359 962 illa,
384 904 515 968 quod
546 904 780 951 tribunus
803 904 962 967 plebis
992 905 1236 967 templum
1260 906 1579 954 cruentavit‘l
1610 923 1677 953 an

170 985 316 1049 quod,
342 1001 453 1032 cum
486 990 612 1032 esset
635 984 831 1031 ablatus
862 985 1177 1047 primumque
1208 984 1476 1047 resipisset,
1500 1001 1603 1032 non
1626 1001 1677 1034 se
1697 998 1739 1031 10
1795 987 1796 990 ’

169 1067 344 1115 referri
376 1066 562 1114 iussit'l
633 1066 741 1113 Ubi
774 1070 850 1113 est
881 1066 1100 1114 crimen‘l
1128 1066 1249 1128 quid
1280 1065 1676 1128 reprehenditis‘l

82 1154 143 1202 81
173 1149 276 1196 Hic
299 1163 497 1211 quaero,
523 1146 740 1194 iudices:
778 1147 831 1194 si
854 1147 940 1194 illo
970 1147 1049 1194 die
1072 1163 1193 1210 gens
1214 1148 1311 1194 ista
1337 1146 1522 1208 Clodia,
1549 1148 1679 1210 quod

170 1232 328 1278 facere
363 1229 535 1290 voluit,
574 1229 827 1288 effecisset,
865 1229 908 1276 si
943 1229 999 1276 P.
1039 1229 1241 1288 Sestius,
1276 1228 1364 1291 qui
1397 1245 1487 1291 pro
1523 1229 1680 1276 occiso

171 1310 373 1358 relictus
414 1314 504 1368 est,
553 1309 737 1356 occisus
783 1315 925 1368 esset,
963 1309 1192 1356 fuistisne
1237 1308 1302 1356 ad
1340 1325 1478 1355 arma
1523 1308 1681 1356 ituril

171 1392 403 1440 fuistisne
427 1407 514 1438 vos
548 1391 611 1437 ad
651 1390 870 1453 patrium
907 1391 1049 1438 illum
1085 1390 1306 1437 animum
1341 1389 1681 1453 maiorumque
1701 1405 1741 1439 15
1796 1388 1799 1432 Ι

174 1472 413 1519 virtutem
437 1471 738 1518 excitaturi?
762 1470 994 1518 fuistisne
1018 1469 1287 1533 aliquando
1304 1486 1409 1517 rem
1432 1469 1681 1532 publicam

171 1571 201 1602 a
214 1553 414 1601 funesto
427 1552 620 1599 latrone
638 1552 933 1614 repetituril
957 1568 1023 1599 an
1037 1553 1191 1599 etiam
1215 1556 1326 1598 tum
1345 1550 1676 1614 quiesceretis,

174 1631 544 1692 cunctaremini,
571 1631 830 1691 timeretis,
858 1648 970 1679 cum
995 1648 1099 1680 rem
1124 1631 1373 1694 publicam
1395 1648 1425 1679 a
1447 1630 1683 1679 facinoro-

175 1715 378 1764 sissimis
408 1714 598 1762 sicariis
629 1719 680 1761 et
709 1731 738 1761 a
763 1714 917 1761 servis
949 1730 1052 1761 esse
1084 1730 1365 1777 oppressam
1397 1718 1546 1775 atque
1570 1729 1679 1760 con-

175 1797 418 1844 culcatam
431 1795 697 1842 videretis‘l
729 1794 885 1842 Cuius
902 1794 1058 1857 igitur
1073 1800 1284 1841 mortem
1301 1792 1676 1853 ulcisceremini,
1701 1808 1743 1841 20

177 1879 218 1925 si
235 1876 434 1940 quidem
448 1875 595 1921 liberi
614 1890 719 1921 esse
738 1879 788 1920 et
803 1874 982 1920 habere
998 1890 1103 1920 rem
1117 1874 1367 1936 publicam
1385 1873 1680 1935 cogitaretis,

177 1960 238 2007 de
261 1958 367 2006 eius
391 1957 580 2004 virtute
604 1957 710 2003 vivi
742 1956 863 2019 quid
886 1972 975 2003 vos
998 1955 1150 2018 loqui,
1185 1955 1306 2017 quid
1337 1955 1534 2013 sentire,
1563 1954 1685 2017 quid

178 2040 407 2104 cogitare,
435 2038 557 2101 quid
580 2038 801 2085 iudicare
829 2042 1070 2100 oporteat,
1099 2035 1429 2083 dubitandum
1460 2036 1687 2099 putatis‘l

91 2127 154 2176 82
179 2122 257 2170 At
288 2135 406 2167 vero
437 2119 534 2182 ipsi
569 2117 646 2164 illi
677 2117 964 2180 parricidae,
993 2133 1203 2179 quorum
1234 2115 1516 2163 ecfrenatus
1545 2115 1687 2163 furor

185 2203 339 2251 alitur
385 2200 670 2264 inpunitate
717 2199 966 2258 diuturna,
1011 2197 1135 2245 adeo
1180 2197 1286 2244 vim
1330 2197 1563 2245 facinoris
1607 2198 1682 2245 sui
1702 2210 1742 2243 as

179 2284 584 2348 perhorruerunt‚
609 2288 682 2342 ut,
709 2282 752 2328 si
775 2281 923 2343 paulo
947 2280 1140 2343 longior
1164 2279 1333 2342 opinio
1356 2280 1531 2326 mortis
1555 2278 1687 2326 Sesti

181 2365 370 2422 fuisset,
422 2362 699 2410 Gracchum
740 2362 882 2408 illum
929 2377 1074 2408 suum
1120 2359 1452 2408 transferendi
1487 2359 1542 2406 in
1595 2376 1686 2407 nos

183 2444 402 2494 criminis
437 2458 582 2490 causa
612 2442 829 2489 occidere
864 2441 1146 2503 cogitarint.
1219 2439 1384 2487 Sensit
1417 2439 1686 2487 rusticulus

184 2543 285 2574 non
330 2525 787 2585 incautus—neque
833 2522 966 2569 enim
1001 2522 1226 2569 homines
1269 2537 1483 2584 nequam
1523 2526 1686 2569 tacere

185 2610 534 2670 potuerunt—,
546 2620 691 2651 suum
707 2603 999 2665 sanguinem
1018 2603 1189 2666 quaeri
1204 2603 1266 2649 ad.
1283 2602 1684 2664 restinguendam
1702 2620 1744 2652 30
1790 2619 1799 2668 ξ

186 2687 427 2735 invidiam
475 2683 705 2732 facinoris
763 2683 992 2731 Clodiani
1014 2700 1025 2730 ε
1083 2681 1374 2729 mulioniam
1421 2683 1683 2744 paenulam
1791 2676 1794 2685 ’

187 2768 421 2831 adripuit,
447 2783 556 2814 cum
582 2782 678 2830 qua
693 2766 907 2829 primum
927 2765 1138 2812 Romam
1156 2764 1219 2811 ad
1239 2764 1440 2811 comitia
1458 2770 1664 2812 venerat
1669 2782 1686 2826 3
