1812 2950
315 139 453 189 PRO
487 140 545 189 P.
586 139 827 190 SESTIO
865 139 1123 190 ORATIO
1158 141 1203 202 ἐξ
1240 142 1439 190 25-29
1570 145 1630 191 13

129 267 259 317 ΧΠ.
334 267 376 316 O
418 268 548 315 diem
588 267 746 327 illum,
786 255 984 327 iudices,
1025 235 1282 316 fifffe'situm
1324 271 1519 318 senatui
1555 273 1634 319 bo·
1654 273 1716 322 2⁷

129 349 302 412 nisque
349 349 590 410 omnibus,
639 350 712 396 rei
757 350 984 412 publicae
1035 350 1331 410 luctuosum,
1388 352 1513 398 mihi
1571 353 1633 401 ad

129 430 450 478 domesticum
475 446 746 478 maerorem
777 447 992 494 gravem,
1018 431 1080 478 ad
1112 432 1419 494 posteritatis
1450 449 1631 480 memo-

128 512 253 559 riam
276 513 542 575 gloriosum
563 512 572 560 !
633 512 765 570 Quid
789 513 921 560 enim
946 514 1205 576 quisquam
1230 519 1394 577 potest
1418 531 1480 562 ex
1499 517 1634 563 omni

88 613 108 646 5
128 597 366 643 memoria
406 611 598 643 sumere
638 595 913 654 inlustrius,
958 611 1109 658 quam
1150 611 1238 658 pro
1280 612 1382 643 uno
1428 596 1535 644 cive
1583 603 1634 644 et

128 678 282 726 bonos
313 678 472 726 omnis
499 678 697 740 privato
729 693 969 725 consensu
1001 682 1052 724 et
1083 677 1372 725 universum
1406 683 1632 725 senatum

128 758 325 821 publico
365 757 566 806 consilio
606 761 824 804 mutasse
861 748 1081 804 vestem2
1128 773 1254 820 quae
1289 758 1488 825 quidem
1524 764 1633 806 tum

128 840 339 888 mutatio
362 856 461 886 non
486 839 845 901 deprecationis
870 844 946 886 est
977 856 1123 887 causa
1154 841 1299 898 facta,
1336 841 1422 888 sed
1453 841 1630 889 luctus.

131 921 289 978 Quem
321 921 454 968 enim
486 921 813 983 deprecarere,
850 937 964 968 cum
995 938 1165 969 omnes
1198 928 1360 970 essent
1393 922 1635 969 sordidati

68 1017 109 1050 10
128 1018 335 1064 cumque
359 1001 450 1048 hoc
468 1002 589 1049 satis
607 1007 735 1049 esset
753 1002 883 1065 signi
901 1019 1004 1050 esse
1022 1003 1318 1065 improbum,
1337 1004 1424 1066 qui
1441 1009 1635 1050 mutata

129 1088 265 1130 veste
288 1098 389 1129 non
413 1084 573 1130 esset‘l
625 1067 755 1156 [Hac
778 1084 1057 1130 mutatione
1081 1084 1234 1131 vestis
1258 1084 1391 1131 facta
1414 1089 1557 1131 tanto
1581 1085 1634 1131 in

127 1163 267 1210 luctu
283 1155 523 1239 civitatis}
538 1163 716 1210 omitto
734 1162 856 1225 quid
873 1163 959 1210 ille
976 1164 1208 1212 tribunus
1227 1166 1449 1212 omnium
1468 1181 1634 1211 rerum

128 1243 410 1290 divinarum
445 1243 872 1307 humanarumque
908 1245 1089 1307 praedo
1126 1245 1311 1305 fecerit,
1350 1247 1435 1309 qui
1467 1246 1635 1293 adesse

128 1326 459 1374 nobilissimos
482 1326 833 1385 adulescentes,
859 1327 1229 1375 honestissimos
1247 1328 1439 1390 equites
1458 1329 1638 1375 Roma-

68 1426 107 1460 15
128 1424 231 1467 nos,
252 1409 587 1471 deprecatores
606 1408 782 1455 salutis
801 1425 939 1456 meae
957 1409 1159 1457 iusserit
1177 1426 1356 1472 eosque
1374 1426 1636 1472 operarum

129 1505 332 1537 suarum
366 1488 543 1550 gladiis
577 1494 630 1535 et
663 1489 916 1551 lapidibus
948 1490 1214 1537 obiecerit:
1258 1490 1319 1537 de
1351 1490 1636 1558 consulibus

128 1570 316 1633 loquor,
344 1585 554 1631 quorum
577 1569 675 1617 fide
698 1585 776 1617 res
792 1570 990 1632 publica
1007 1570 1105 1617 niti
1122 1571 1305 1618 debuit.
1370 1544 1636 1618 Effaffiffiass
1658 1571 1720 1619 28

129 1656 212 1698 tus
253 1649 418 1697 evolat
459 1666 521 1697 ex
563 1656 752 1709 senatu,
793 1667 895 1698 non
934 1652 1100 1699 minus
1140 1653 1431 1715 perturbato
1472 1652 1637 1699 animo

128 1736 280 1795 atque
302 1732 466 1788 vultu,
491 1748 639 1794 quam
666 1733 708 1779 si
732 1733 878 1780 annis
902 1737 1019 1780 ante
1046 1734 1217 1796 paucis
1251 1734 1306 1780 in
1337 1733 1636 1781 creditorum

67 1829 108 1861 20
129 1818 428 1861 conventum
452 1813 738 1875 incidisset3
775 1814 988 1862 advocat
1019 1815 1316 1874 contionem,
1351 1814 1501 1862 habet
1530 1831 1632 1862 ora-

128 1896 316 1943 tionem
339 1896 492 1943 talem
517 1897 700 1955 consul,
729 1897 923 1960 qualem
944 1914 1218 1961 numquam
1238 1897 1460 1945 Catilina
1478 1898 1638 1944 victor

127 1976 383 2024 habuisset
403 1994 414 2026 ε
451 1993 616 2024 errare
640 1978 880 2037 homines,
905 1978 947 2025 si
971 1979 1123 2025 etiam
1147 1984 1259 2025 tum
1291 1985 1519 2026 senatum
1552 1979 1638 2026 ali-

128 2058 250 2121 quid
279 2058 334 2104 in
368 2074 421 2105 re
448 2058 647 2121 publica
679 2075 821 2121 posse
851 2059 1251 2120 arbitrarentur3
1297 2060 1487 2123 equites
1519 2075 1637 2107 vero

129 2138 381 2186 Romanos
417 2139 619 2186 daturos
653 2139 790 2187 illius
825 2141 924 2188 diei
958 2157 1153 2203 poenas,
1194 2157 1293 2204 quo
1328 2157 1407 2188 me
1438 2141 1638 2189 consule

67 2235 108 2270 25
128 2236 241 2267 cum
263 2219 441 2282 gladiis
465 2220 519 2266 in
543 2221 672 2267 clivo
697 2221 981 2285 Capitolino
1005 2222 1251 2272 fuissent:
1288 2223 1481 2270 venisse
1512 2228 1635 2270 tem-

128 2316 222 2363 pus
256 2300 341 2359 eis,
380 2301 468 2363 qui
501 2300 556 2346 in
590 2302 768 2349 timore
804 2302 1369 2351 fuissent—coniuratos
1403 2303 1637 2351 videlicet

128 2383 657 2430 dicebat—ulciscendi
681 2383 775 2430 sui.
851 2384 905 2431 Si
929 2386 1139 2433 dixisset
1161 2386 1281 2433 haec
1305 2386 1478 2445 solum,
1499 2386 1635 2433 omni

129 2462 369 2526 supplicio
393 2468 521 2509 esset
545 2463 724 2529 dignus
740 2481 753 2523 ;
790 2481 907 2512 nam
930 2466 1089 2512 oratio
1113 2466 1222 2529 ipsa
1245 2466 1460 2514 consulis
1478 2466 1636 2528 perni-

130 2543 260 2591 ciosa
295 2547 460 2606 potest
493 2560 598 2591 rem
638 2546 887 2607 publicam
929 2547 1256 2597 labefactare:
1303 2548 1424 2611 quid
1464 2547 1636 2594 fecerit

15 2616 19 2674 Ξ
68 2643 112 2678 ³⁰
130 2625 308 2674 videte.
381 2625 437 2674 L.
477 2626 714 2686 Lamiam,
752 2628 838 2690 qui
874 2644 984 2675 cum
1016 2645 1096 2676 me
1127 2629 1291 2692 ipsum
1321 2645 1411 2692 pro
1442 2644 1636 2675 summa
1655 2633 1718 2683 29

129 2706 484 2767 familiaritate,
523 2723 647 2770 quae
682 2708 806 2754 mihi
841 2723 953 2755 cum
994 2714 1135 2772 patre
1177 2710 1283 2756 eius
1324 2714 1443 2766 erat,
1489 2708 1635 2756 unice

131 2785 381 2849 diligebat,
418 2792 528 2834 tum
568 2804 658 2851 pro
697 2804 752 2835 re
791 2789 989 2851 publica
1029 2789 1110 2836 vel
1152 2794 1360 2836 mortem
1403 2794 1633 2852 oppetere
