1812 2950
298 144 433 194 PRO
468 145 526 193 P.
567 142 809 192 SESTIO
849 142 1106 191 ORATIO
1143 143 1188 204 ἐξ
1224 143 1424 190 76-80
1551 141 1612 189 39

117 289 238 321 1111111
260 273 347 321 1110
372 274 449 321 die
472 273 659 321 fuerit?
716 271 863 320 Oerte
885 288 986 319 non
1010 272 1118 320 fuit.
1187 271 1340 319 Victa
1362 272 1517 333 igitur
1543 276 1617 319 est

117 371 261 402 causa
297 356 370 403 rei
401 356 625 418 publicae
656 359 705 402 et
742 354 877 400 victa
905 370 1006 401 non
1046 354 1294 416 auspiciis,
1324 369 1425 400 non
1462 353 1614 400 inter-

117 436 344 496 cessione,
371 452 471 483 non
498 435 757 498 suffragiis,
784 436 870 483 sed
910 435 976 494 vi,
1009 451 1172 493 manu,
1200 435 1344 483 ferro.
1412 433 1546 481 Nam
1575 434 1617 481 si

117 517 461 565 obnuntiasset
497 517 722 564 Fabricio
753 517 795 565 is
826 513 1079 583 [praetor],
1106 516 1193 579 qui
1224 532 1275 563 se
1307 529 1525 563 servasse
1557 515 1616 562 de

63 603 96 641 ’6
118 598 249 645 caelo
284 599 492 658 dixerat,
518 599 784 660 accepisset
814 613 891 644 res
925 597 1122 659 publica
1145 596 1353 660 plagam,
1384 596 1468 642 sed
1492 611 1613 654 eam,

117 695 264 742 quam
288 685 533 743 acceptam
557 695 749 742 gemere
772 684 936 742 posset
951 696 964 738 3
989 679 1032 725 si
1054 678 1411 726 intercessisset
1434 678 1618 740 collega

118 758 357 819 Fabricio,
406 758 622 805 laesisset
666 773 771 804 rem
818 758 1079 820 publicam,
1130 757 1214 804 sed
1264 757 1338 803 rei
1393 756 1618 818 publicae

117 839 224 887 iure
247 838 476 886 laesisset.
538 837 846 885 Gladiatores
869 842 927 883 tu
959 836 1192 896 novicios,
1220 852 1310 899 pro
1333 841 1617 900 exspectata

118 919 371 967 aedilitate
394 918 683 981 suppositos,
705 935 816 965 cum
831 917 1020 964 sicariis
1035 933 1061 964 e
1076 933 1266 964 carcere
1291 917 1482 965 emissis
1499 923 1616 965 ante

12 1036 13 1041 ,
56 1011 98 1045 10
117 1001 276 1048 11100111
314 1000 588 1048 immittas?
623 1000 944 1063 magistratus
967 1000 1153 1062 templo
1178 999 1396 1047 deicias2
1419 999 1617 1048 caedem

118 1082 383 1130 maximam
406 1082 591 1129 facias?
629 1081 793 1129 forum
826 1082 1035 1144 purges‘l
1067 1086 1130 1141 et,
1157 1097 1271 1128 cum
1300 1082 1466 1129 omnia
1489 1082 1544 1128 vi
1567 1086 1618 1129 et

118 1163 264 1210 armis
296 1162 466 1226 egeris,
500 1178 697 1209 accuses
730 1179 858 1222 eum,
885 1163 972 1226 qui
1006 1178 1057 1209 se
1088 1162 1336 1225 praesidio
1359 1163 1614 1222 munierit,

117 1259 217 1291 non
240 1249 299 1292 ut
319 1249 371 1292 te
395 1249 717 1307 oppugnaret,
744 1243 830 1290 sed
854 1249 911 1290 ut
934 1243 1090 1290 vitam
1111 1259 1251 1290 suam
1269 1247 1431 1305 posset
1450 1241 1615 1290 defen·

117 1326 261 1374 dere‘l

54 1422 97 1456 15
217 1407 510 1454 XXXVII.
555 1407 717 1469 Atqui
744 1422 806 1452 ne
831 1423 894 1453 ex
917 1422 982 1468 eo,
992 1406 1192 1468 quidem
1207 1410 1427 1467 tempore
1444 1404 1498 1451 id
1516 1404 1619 1468 egit
1641 1404 1703 1454 '79

119 1487 319 1549 Sestius,
348 1493 406 1534 ut
440 1504 470 1535 a
504 1488 606 1534 suis
641 1487 867 1534 munitus
901 1490 1015 1533 tuto
1049 1486 1104 1531 in
1133 1486 1236 1532 foro
1271 1485 1617 1547 magistratum

117 1574 321 1631 gereret,
358 1584 461 1615 rem
501 1567 750 1630 publicam
783 1566 1167 1613 administraret.
1241 1565 1424 1628 Itaque
1459 1565 1617 1614 fretus

118 1649 380 1696 sanctitate
403 1649 702 1707 tribunatus,
730 1664 840 1695 cum
865 1663 916 1695 se
940 1663 1041 1694 non
1074 1647 1218 1694 modo
1244 1654 1417 1694 contra
1439 1648 1542 1693 vim
1567 1652 1617 1695 et

117 1730 317 1790 ferrum,
359 1731 442 1777 sed
476 1731 627 1778 etiam
664 1739 835 1777 contra
869 1731 1022 1777 verba
1057 1735 1206 1793 atque
1242 1730 1616 1777 interfationem

18 1826 21 1868 ι
55 1825 97 1858 20
118 1811 304 1872 legibus
319 1811 520 1858 sacratis
535 1827 638 1858 esse
656 1817 900 1858 armatum
915 1817 1127 1874 putaret,
1146 1811 1286 1858 venit
1303 1812 1357 1858 in
1374 1811 1615 1874 templum

118 1891 347 1951 Castoris,
386 1892 706 1940 obnuntiavit
736 1893 947 1941 consuli:
979 1909 1091 1940 cum
1124 1894 1288 1940 subito
1321 1909 1497 1940 manus
1529 1893 1617 1941 illa

118 1973 371 2033 Clodiana,
395 1974 450 2020 in
473 1973 619 2021 caede
637 1974 820 2021 civium
845 1990 986 2036 saepe
1010 1974 1109 2021 iam
1134 1975 1331 2034 victrix,
1359 1975 1614 2036 exclamat,

114 2055 366 2114 incitatur,
382 2054 576 2102 invadit
584 2072 599 2115 3
617 2055 856 2102 inermem
874 2059 1024 2117 atque
1041 2055 1342 2118 imparatum
1356 2057 1615 2103 tribunum

115 2135 200 2181 alii
233 2134 408 2197 gladiis
442 2134 749 2193 adoriuntur,
789 2135 877 2181 alii
912 2136 1205 2198 fragmentis
1247 2142 1529 2199 saeptorum
1565 2142 1617 2184 et

42 2231 95 2265 «25
116 2215 331 2263 fustibus
348 2232 363 2276 3
398 2232 428 2262 a
462 2216 644 2278 quibus
672 2216 753 2263 hic
781 2216 953 2263 multis
987 2217 1279 2264 vulneribus
1313 2219 1523 2281 acceptis
1559 2235 1615 2267 ac

116 2296 373 2343 debilitato
387 2312 587 2358 corpore
601 2303 652 2343 et
676 2298 1018 2344 contrucidato
1037 2314 1088 2344 se
1106 2298 1287 2345 abiecit
1301 2299 1615 2347 exanimatus

115 2393 273 2440 neque
301 2377 404 2425 ulla
431 2378 529 2424 alia
559 2394 612 2425 re
643 2379 705 2426 ab
740 2395 791 2426 se
822 2386 1030 2426 mortem
1061 2380 1159 2426 nisi
1188 2379 1418 2442 opinione
1442 2382 1614 2429 mortis

115 2460 318 2523 depulit.
392 2460 550 2517 Quem
591 2477 703 2508 cum
738 2462 980 2508 iacentem
1016 2468 1066 2508 et
1101 2462 1351 2510 concisum
1386 2464 1613 2526 plurimis

115 2542 402 2589 vulneribus
442 2547 663 2590 extremo
699 2543 879 2605 spiritu
915 2559 1214 2607 exsanguem
1249 2549 1300 2592 et
1335 2545 1614 2593 confectum

26 2611 27 2639 ³
52 2636 96 2672 80
115 2622 353 2683 viderent,
387 2622 741 2684 defetigatione
776 2624 931 2685 magis
966 2629 1017 2670 et
1051 2640 1214 2671 errore
1243 2640 1394 2686 quam
1430 2626 1614 2673 miseri-

116 2704 280 2750 cordia
325 2708 376 2751 et
421 2703 566 2751 modo
613 2704 878 2766 aliquando
918 2705 1120 2752 caedere
1159 2706 1472 2754 destiterunt.
1547 2708 1614 2755 Et
1635 2714 1698 2763 80

117 2798 314 2831 causam
337 2784 458 2831 dicit
481 2784 671 2831 Sestius
695 2785 755 2832 de
773 2785 857 2832 vi?
887 2786 1005 2848 quid
1025 2787 1127 2832 ita‘l
1179 2786 1309 2843 Quia
1333 2787 1474 2835 vivit.
1536 2790 1613 2837 At
