<?xml version="1.0" encoding="UTF-8"?>
<!DOCTYPE html PUBLIC "-//W3C//DTD XHTML 1.0 Transitional//EN"
    "http://www.w3.org/TR/xhtml1/DTD/xhtml1-transitional.dtd">
<html xmlns="http://www.w3.org/1999/xhtml" xml:lang="en" lang="en">
 <head>
  <title>
</title>
<meta http-equiv="Content-Type" content="text/html;charset=utf-8" />
  <meta name='ocr-system' content='tesseract 3.04.00' />
  <meta name='ocr-capabilities' content='ocr_page ocr_carea ocr_par ocr_line ocrx_word'/>
</head>
<body>
  <div class='ocr_page' id='page_1' title='image "./propubliosestioo00ciceuoft/propubliosestioo00ciceuoft_0083.png"; bbox 0 0 1812 2950; ppageno 0'>
   <div class='ocr_carea' id='block_1_1' title="bbox 210 153 1562 219">
    <p class='ocr_par' dir='ltr' id='par_1_1' title="bbox 210 153 1562 219">
     <span class='ocr_line' id='line_1_1' title="bbox 210 153 1562 219; baseline -0.001 -18"><span class='ocrx_word' id='word_1_1' title='bbox 210 153 346 203; x_wconf 81' lang='lat' dir='ltr'>PRO</span> <span class='ocrx_word' id='word_1_2' title='bbox 382 155 439 202; x_wconf 88' lang='lat' dir='ltr'>P.</span> <span class='ocrx_word' id='word_1_3' title='bbox 478 153 721 203; x_wconf 83' lang='lat' dir='ltr'><em>SESTIO</em></span> <span class='ocrx_word' id='word_1_4' title='bbox 759 154 1016 203; x_wconf 79' lang='lat' dir='ltr'><em>ORATIO</em></span> <span class='ocrx_word' id='word_1_5' title='bbox 1050 156 1096 219; x_wconf 68' lang='lat' dir='ltr'>§g</span> <span class='ocrx_word' id='word_1_6' title='bbox 1131 154 1357 203; x_wconf 84' lang='lat'>97—101</span> <span class='ocrx_word' id='word_1_7' title='bbox 1501 154 1562 200; x_wconf 89' lang='grc'>49</span> 
     </span>
    </p>
   </div>
   <div class='ocr_carea' id='block_1_2' title="bbox 0 283 1691 2884">
    <p class='ocr_par' dir='ltr' id='par_1_2' title="bbox 0 283 1691 2884">
     <span class='ocr_line' id='line_1_2' title="bbox 54 283 1564 346; baseline -0.002 -14"><span class='ocrx_word' id='word_1_8' title='bbox 54 284 251 332; x_wconf 77' lang='lat' dir='ltr'><strong>Etenim</strong></span> <span class='ocrx_word' id='word_1_9' title='bbox 273 283 326 330; x_wconf 88' lang='lat' dir='ltr'>in</span> <span class='ocrx_word' id='word_1_10' title='bbox 357 289 499 330; x_wconf 87' lang='lat' dir='ltr'>tanto</span> <span class='ocrx_word' id='word_1_11' title='bbox 530 284 712 331; x_wconf 87' lang='lat' dir='ltr'>civium</span> <span class='ocrx_word' id='word_1_12' title='bbox 744 301 946 331; x_wconf 88' lang='lat' dir='ltr'>numero</span> <span class='ocrx_word' id='word_1_13' title='bbox 976 301 1154 346; x_wconf 88' lang='lat' dir='ltr'>magna</span> <span class='ocrx_word' id='word_1_14' title='bbox 1185 283 1454 329; x_wconf 87' lang='lat' dir='ltr'>multitudo</span> <span class='ocrx_word' id='word_1_15' title='bbox 1490 287 1564 329; x_wconf 87' lang='lat' dir='ltr'>est</span> 
     </span>
     <span class='ocr_line' id='line_1_3' title="bbox 59 365 1559 429; baseline 0 -19"><span class='ocrx_word' id='word_1_16' title='bbox 59 379 241 421; x_wconf 87' lang='lat' dir='ltr'>eorum,</span> <span class='ocrx_word' id='word_1_17' title='bbox 283 365 369 427; x_wconf 89' lang='lat' dir='ltr'>qui</span> <span class='ocrx_word' id='word_1_18' title='bbox 409 374 495 412; x_wconf 87' lang='lat' dir='ltr'>aut</span> <span class='ocrx_word' id='word_1_19' title='bbox 541 371 740 429; x_wconf 89' lang='lat' dir='ltr'>propter</span> <span class='ocrx_word' id='word_1_20' title='bbox 781 372 967 413; x_wconf 87' lang='lat' dir='ltr'>metum</span> <span class='ocrx_word' id='word_1_21' title='bbox 1014 382 1197 429; x_wconf 90' lang='lat' dir='ltr'>poenae</span> <span class='ocrx_word' id='word_1_22' title='bbox 1251 370 1559 428; x_wconf 89' lang='lat' dir='ltr'>peccatorum</span> 
     </span>
     <span class='ocr_line' id='line_1_4' title="bbox 59 446 1563 509; baseline 0.001 -19"><span class='ocrx_word' id='word_1_23' title='bbox 59 460 257 491; x_wconf 88' lang='lat' dir='ltr'>suorum</span> <span class='ocrx_word' id='word_1_24' title='bbox 282 446 460 493; x_wconf 86' lang='lat' dir='ltr'>conscii</span> <span class='ocrx_word' id='word_1_25' title='bbox 500 463 654 493; x_wconf 88' lang='lat' dir='ltr'>novos</span> <span class='ocrx_word' id='word_1_26' title='bbox 676 453 840 494; x_wconf 88' lang='lat' dir='ltr'>motus</span> <span class='ocrx_word' id='word_1_27' title='bbox 868 448 1304 509; x_wconf 77' lang='lat' dir='ltr'>conversionesque</span> <span class='ocrx_word' id='word_1_28' title='bbox 1333 447 1405 493; x_wconf 88' lang='lat' dir='ltr'>rei</span> <span class='ocrx_word' id='word_1_29' title='bbox 1440 447 1563 509; x_wconf 91' lang='lat' dir='ltr'>pub·</span> 
     </span>
     <span class='ocr_line' id='line_1_5' title="bbox 60 523 1562 589; baseline 0.001 -20"><span class='ocrx_word' id='word_1_30' title='bbox 60 523 179 570; x_wconf 85' lang='lat' dir='ltr'>licae</span> <span class='ocrx_word' id='word_1_31' title='bbox 204 532 455 586; x_wconf 85' lang='lat' dir='ltr'>quaerant,</span> <span class='ocrx_word' id='word_1_32' title='bbox 482 531 569 572; x_wconf 89' lang='lat' dir='ltr'>aut</span> <span class='ocrx_word' id='word_1_33' title='bbox 593 526 678 587; x_wconf 85' lang='lat' dir='ltr'>qui</span> <span class='ocrx_word' id='word_1_34' title='bbox 710 532 911 588; x_wconf 89' lang='lat' dir='ltr'>propter</span> <span class='ocrx_word' id='word_1_35' title='bbox 937 528 1143 573; x_wconf 87' lang='lat' dir='ltr'>insitum</span> <span class='ocrx_word' id='word_1_36' title='bbox 1179 526 1424 589; x_wconf 87' lang='lat' dir='ltr'>quendam</span> <span class='ocrx_word' id='word_1_37' title='bbox 1458 526 1562 572; x_wconf 89' lang='lat' dir='ltr'>ani-</span> 
     </span>
     <span class='ocr_line' id='line_1_6' title="bbox 17 604 1561 668; baseline -0.001 -16"><span class='ocrx_word' id='word_1_38' title='bbox 17 617 36 652; x_wconf 76' lang='lat'>⁵</span> <span class='ocrx_word' id='word_1_39' title='bbox 65 605 130 650; x_wconf 85' lang='lat' dir='ltr'>mi</span> <span class='ocrx_word' id='word_1_40' title='bbox 160 604 374 651; x_wconf 87' lang='lat' dir='ltr'>furorem</span> <span class='ocrx_word' id='word_1_41' title='bbox 409 605 661 652; x_wconf 78' lang='lat' dir='ltr'>discordiis</span> <span class='ocrx_word' id='word_1_42' title='bbox 697 607 879 653; x_wconf 91' lang='lat' dir='ltr'>civium</span> <span class='ocrx_word' id='word_1_43' title='bbox 914 623 969 653; x_wconf 91' lang='lat' dir='ltr'>ac</span> <span class='ocrx_word' id='word_1_44' title='bbox 1005 607 1245 653; x_wconf 88' lang='lat' dir='ltr'>seditione</span> <span class='ocrx_word' id='word_1_45' title='bbox 1280 612 1561 668; x_wconf 66' lang='lat' dir='ltr'>pascantur,</span> 
     </span>
     <span class='ocr_line' id='line_1_7' title="bbox 60 685 1564 748; baseline 0.001 -17"><span class='ocrx_word' id='word_1_46' title='bbox 60 690 148 731; x_wconf 84' lang='lat' dir='ltr'>aut</span> <span class='ocrx_word' id='word_1_47' title='bbox 172 685 256 748; x_wconf 92' lang='lat' dir='ltr'>qui</span> <span class='ocrx_word' id='word_1_48' title='bbox 287 691 485 748; x_wconf 87' lang='lat' dir='ltr'>propter</span> <span class='ocrx_word' id='word_1_49' title='bbox 513 686 898 748; x_wconf 87' lang='lat' dir='ltr'>implicationem</span> <span class='ocrx_word' id='word_1_50' title='bbox 930 688 1002 735; x_wconf 90' lang='lat' dir='ltr'>rei</span> <span class='ocrx_word' id='word_1_51' title='bbox 1032 688 1290 734; x_wconf 87' lang='lat' dir='ltr'>familiaris</span> <span class='ocrx_word' id='word_1_52' title='bbox 1317 688 1564 734; x_wconf 88' lang='lat' dir='ltr'>communi</span> 
     </span>
     <span class='ocr_line' id='line_1_8' title="bbox 63 768 1560 831; baseline 0.001 -14"><span class='ocrx_word' id='word_1_53' title='bbox 63 770 290 817; x_wconf 89' lang='lat' dir='ltr'>incendio</span> <span class='ocrx_word' id='word_1_54' title='bbox 315 769 494 815; x_wconf 87' lang='lat' dir='ltr'>malint</span> <span class='ocrx_word' id='word_1_55' title='bbox 517 784 665 831; x_wconf 85' lang='lat' dir='ltr'>quam</span> <span class='ocrx_word' id='word_1_56' title='bbox 698 784 786 814; x_wconf 89' lang='lat' dir='ltr'>suo</span> <span class='ocrx_word' id='word_1_57' title='bbox 816 768 1103 830; x_wconf 80' lang='lat' dir='ltr'>deflagrare.</span> <span class='ocrx_word' id='word_1_58' title='bbox 1172 769 1271 826; x_wconf 81' lang='lat' dir='ltr'>Qui</span> <span class='ocrx_word' id='word_1_59' title='bbox 1303 786 1414 816; x_wconf 90' lang='lat' dir='ltr'>cum</span> <span class='ocrx_word' id='word_1_60' title='bbox 1447 787 1560 818; x_wconf 89' lang='lat' dir='ltr'>auc-</span> 
     </span>
     <span class='ocr_line' id='line_1_9' title="bbox 0 843 1566 910; baseline 0 -16"><span class='ocrx_word' id='word_1_61' title='bbox 0 843 1 851; x_wconf 44' lang='lat'><em>*</em></span> <span class='ocrx_word' id='word_1_62' title='bbox 63 857 192 894; x_wconf 85' lang='lat' dir='ltr'>tores</span> <span class='ocrx_word' id='word_1_63' title='bbox 239 854 354 894; x_wconf 88' lang='lat' dir='ltr'>sunt</span> <span class='ocrx_word' id='word_1_64' title='bbox 395 855 445 894; x_wconf 90' lang='lat' dir='ltr'>et</span> <span class='ocrx_word' id='word_1_65' title='bbox 484 849 631 895; x_wconf 89' lang='lat' dir='ltr'>duces</span> <span class='ocrx_word' id='word_1_66' title='bbox 672 865 869 895; x_wconf 88' lang='lat' dir='ltr'>suorum</span> <span class='ocrx_word' id='word_1_67' title='bbox 911 849 1188 895; x_wconf 84' lang='lat' dir='ltr'>studiorum</span> <span class='ocrx_word' id='word_1_68' title='bbox 1235 848 1566 910; x_wconf 81' lang='lat' dir='ltr'>vitiorumque</span> 
     </span>
     <span class='ocr_line' id='line_1_10' title="bbox 65 929 1566 992; baseline 0 -17"><span class='ocrx_word' id='word_1_69' title='bbox 65 930 206 986; x_wconf 89' lang='lat' dir='ltr'>nacti,</span> <span class='ocrx_word' id='word_1_70' title='bbox 271 931 323 975; x_wconf 90' lang='lat' dir='ltr'>in</span> <span class='ocrx_word' id='word_1_71' title='bbox 347 946 399 976; x_wconf 89' lang='lat' dir='ltr'>re</span> <span class='ocrx_word' id='word_1_72' title='bbox 422 931 618 992; x_wconf 91' lang='lat' dir='ltr'>publica</span> <span class='ocrx_word' id='word_1_73' title='bbox 641 930 818 976; x_wconf 85' lang='lat' dir='ltr'>fluctus</span> <span class='ocrx_word' id='word_1_74' title='bbox 846 931 1142 988; x_wconf 69' lang='lat' dir='ltr'>excitantur,</span> <span class='ocrx_word' id='word_1_75' title='bbox 1170 935 1227 975; x_wconf 91' lang='lat' dir='ltr'>ut</span> <span class='ocrx_word' id='word_1_76' title='bbox 1259 929 1566 991; x_wconf 88' lang='lat' dir='ltr'>vigilandum</span> 
     </span>
     <span class='ocr_line' id='line_1_11' title="bbox 10 1011 1563 1075; baseline 0 -18"><span class='ocrx_word' id='word_1_77' title='bbox 10 1031 13 1057; x_wconf 91' lang='grc'>;</span> <span class='ocrx_word' id='word_1_78' title='bbox 63 1011 126 1058; x_wconf 85' lang='lat' dir='ltr'>sit</span> <span class='ocrx_word' id='word_1_79' title='bbox 183 1012 254 1072; x_wconf 83' lang='lat' dir='ltr'>iis,</span> <span class='ocrx_word' id='word_1_80' title='bbox 295 1013 378 1074; x_wconf 87' lang='lat' dir='ltr'>qui</span> <span class='ocrx_word' id='word_1_81' title='bbox 426 1013 519 1058; x_wconf 88' lang='lat' dir='ltr'>sibi</span> <span class='ocrx_word' id='word_1_82' title='bbox 565 1013 895 1075; x_wconf 87' lang='lat' dir='ltr'>gubernacula</span> <span class='ocrx_word' id='word_1_83' title='bbox 936 1013 1123 1074; x_wconf 87' lang='lat' dir='ltr'>patriae</span> <span class='ocrx_word' id='word_1_84' title='bbox 1165 1012 1563 1074; x_wconf 83' lang='lat' dir='ltr'>depoposcerunt,</span> 
     </span>
     <span class='ocr_line' id='line_1_12' title="bbox 65 1094 1565 1156; baseline -0.001 -16"><span class='ocrx_word' id='word_1_85' title='bbox 65 1094 444 1156; x_wconf 86' lang='lat' dir='ltr'>enitendumque</span> <span class='ocrx_word' id='word_1_86' title='bbox 469 1096 602 1141; x_wconf 88' lang='lat' dir='ltr'>omni</span> <span class='ocrx_word' id='word_1_87' title='bbox 633 1095 836 1141; x_wconf 88' lang='lat' dir='ltr'>scientia</span> <span class='ocrx_word' id='word_1_88' title='bbox 859 1111 915 1140; x_wconf 88' lang='lat' dir='ltr'>ac</span> <span class='ocrx_word' id='word_1_89' title='bbox 940 1095 1208 1156; x_wconf 79' lang='lat' dir='ltr'>diligentia,</span> <span class='ocrx_word' id='word_1_90' title='bbox 1235 1100 1292 1139; x_wconf 94' lang='lat' dir='ltr'>ut</span> <span class='ocrx_word' id='word_1_91' title='bbox 1316 1109 1565 1140; x_wconf 84' lang='lat' dir='ltr'>conserva-</span> 
     </span>
     <span class='ocr_line' id='line_1_13' title="bbox 64 1176 1567 1239; baseline 0 -17"><span class='ocrx_word' id='word_1_92' title='bbox 64 1177 130 1223; x_wconf 85' lang='lat' dir='ltr'>tis</span> <span class='ocrx_word' id='word_1_93' title='bbox 159 1176 233 1234; x_wconf 89' lang='lat' dir='ltr'>iis,</span> <span class='ocrx_word' id='word_1_94' title='bbox 260 1193 382 1239; x_wconf 87' lang='lat' dir='ltr'>quae</span> <span class='ocrx_word' id='word_1_95' title='bbox 407 1193 493 1237; x_wconf 87' lang='lat' dir='ltr'>ego</span> <span class='ocrx_word' id='word_1_96' title='bbox 517 1178 661 1239; x_wconf 78' lang='lat' dir='ltr'>paulo</span> <span class='ocrx_word' id='word_1_97' title='bbox 687 1186 801 1224; x_wconf 86' lang='lat' dir='ltr'>ante</span> <span class='ocrx_word' id='word_1_98' title='bbox 824 1177 1146 1223; x_wconf 86' lang='lat' dir='ltr'>fundamenta</span> <span class='ocrx_word' id='word_1_99' title='bbox 1164 1193 1217 1222; x_wconf 84' lang='lat' dir='ltr'>ac</span> <span class='ocrx_word' id='word_1_100' title='bbox 1232 1176 1450 1222; x_wconf 86' lang='lat' dir='ltr'>membra</span> <span class='ocrx_word' id='word_1_101' title='bbox 1465 1191 1567 1222; x_wconf 89' lang='lat' dir='ltr'>esse</span> 
     </span>
     <span class='ocr_line' id='line_1_14' title="bbox 12 1257 1569 1320; baseline -0.002 -16"><span class='ocrx_word' id='word_1_102' title='bbox 12 1264 13 1274; x_wconf 64' lang='lat'>¹</span> <span class='ocrx_word' id='word_1_103' title='bbox 65 1258 184 1316; x_wconf 85' lang='lat' dir='ltr'>dixi,</span> <span class='ocrx_word' id='word_1_104' title='bbox 210 1263 377 1304; x_wconf 85' lang='lat' dir='ltr'>tenere</span> <span class='ocrx_word' id='word_1_105' title='bbox 402 1275 596 1305; x_wconf 80' lang='lat' dir='ltr'>cursum</span> <span class='ocrx_word' id='word_1_106' title='bbox 623 1259 810 1320; x_wconf 82' lang='lat' dir='ltr'>possint</span> <span class='ocrx_word' id='word_1_107' title='bbox 836 1263 884 1304; x_wconf 88' lang='lat' dir='ltr'>et</span> <span class='ocrx_word' id='word_1_108' title='bbox 908 1273 1078 1319; x_wconf 84' lang='lat' dir='ltr'>capere</span> <span class='ocrx_word' id='word_1_109' title='bbox 1103 1257 1193 1303; x_wconf 90' lang='lat' dir='ltr'>otii</span> <span class='ocrx_word' id='word_1_110' title='bbox 1209 1257 1350 1303; x_wconf 91' lang='lat' dir='ltr'>illum</span> <span class='ocrx_word' id='word_1_111' title='bbox 1370 1261 1569 1319; x_wconf 88' lang='lat' dir='ltr'>portum</span> 
     </span>
     <span class='ocr_line' id='line_1_15' title="bbox 65 1337 1688 1400; baseline 0 -16"><span class='ocrx_word' id='word_1_112' title='bbox 65 1345 115 1384; x_wconf 88' lang='lat' dir='ltr'>et</span> <span class='ocrx_word' id='word_1_113' title='bbox 139 1339 407 1400; x_wconf 82' lang='lat' dir='ltr'>dignitatis.</span> <span class='ocrx_word' id='word_1_114' title='bbox 479 1339 626 1385; x_wconf 88' lang='lat' dir='ltr'>Hanc</span> <span class='ocrx_word' id='word_1_115' title='bbox 651 1356 737 1400; x_wconf 89' lang='lat' dir='ltr'>ego</span> <span class='ocrx_word' id='word_1_116' title='bbox 760 1339 906 1398; x_wconf 87' lang='lat' dir='ltr'>viam,</span> <span class='ocrx_word' id='word_1_117' title='bbox 933 1339 1128 1397; x_wconf 90' lang='lat' dir='ltr'>iudices,</span> <span class='ocrx_word' id='word_1_118' title='bbox 1162 1338 1204 1385; x_wconf 84' lang='lat' dir='ltr'>si</span> <span class='ocrx_word' id='word_1_119' title='bbox 1233 1343 1321 1384; x_wconf 90' lang='lat' dir='ltr'>aut</span> <span class='ocrx_word' id='word_1_120' title='bbox 1351 1354 1570 1399; x_wconf 82' lang='lat' dir='ltr'>asperam</span> <span class='ocrx_word' id='word_1_121' title='bbox 1596 1337 1688 1384; x_wconf 88' lang='lat'>100</span> 
     </span>
     <span class='ocr_line' id='line_1_16' title="bbox 64 1417 1570 1481; baseline -0.001 -16"><span class='ocrx_word' id='word_1_122' title='bbox 64 1423 209 1481; x_wconf 88' lang='lat' dir='ltr'>atque</span> <span class='ocrx_word' id='word_1_123' title='bbox 234 1420 436 1465; x_wconf 83' lang='lat' dir='ltr'>arduam</span> <span class='ocrx_word' id='word_1_124' title='bbox 461 1425 549 1465; x_wconf 89' lang='lat' dir='ltr'>aut</span> <span class='ocrx_word' id='word_1_125' title='bbox 572 1420 767 1481; x_wconf 84' lang='lat' dir='ltr'>plenam</span> <span class='ocrx_word' id='word_1_126' title='bbox 800 1436 902 1465; x_wconf 89' lang='lat' dir='ltr'>esse</span> <span class='ocrx_word' id='word_1_127' title='bbox 933 1419 1259 1481; x_wconf 86' lang='lat' dir='ltr'>periculorum</span> <span class='ocrx_word' id='word_1_128' title='bbox 1290 1424 1377 1464; x_wconf 89' lang='lat' dir='ltr'>aut</span> <span class='ocrx_word' id='word_1_129' title='bbox 1405 1417 1570 1464; x_wconf 79' lang='lat' dir='ltr'>insidi-</span> 
     </span>
     <span class='ocr_line' id='line_1_17' title="bbox 16 1487 1570 1563; baseline 0 -17"><span class='ocrx_word' id='word_1_130' title='bbox 16 1487 17 1490; x_wconf 16' lang='lat'><em>*</em></span> <span class='ocrx_word' id='word_1_131' title='bbox 66 1515 205 1546; x_wconf 87' lang='lat' dir='ltr'>arum</span> <span class='ocrx_word' id='word_1_132' title='bbox 243 1517 428 1562; x_wconf 85' lang='lat' dir='ltr'>negem,</span> <span class='ocrx_word' id='word_1_133' title='bbox 471 1501 682 1547; x_wconf 86' lang='lat' dir='ltr'>mentiar</span> <span class='ocrx_word' id='word_1_134' title='bbox 691 1519 704 1561; x_wconf 78' lang='lat'><em>3</em></span> <span class='ocrx_word' id='word_1_135' title='bbox 750 1501 1037 1563; x_wconf 88' lang='lat' dir='ltr'>praesertim</span> <span class='ocrx_word' id='word_1_136' title='bbox 1068 1517 1179 1546; x_wconf 91' lang='lat' dir='ltr'>cum</span> <span class='ocrx_word' id='word_1_137' title='bbox 1211 1500 1260 1546; x_wconf 92' lang='lat' dir='ltr'>id</span> <span class='ocrx_word' id='word_1_138' title='bbox 1291 1516 1393 1546; x_wconf 90' lang='lat' dir='ltr'>non</span> <span class='ocrx_word' id='word_1_139' title='bbox 1426 1499 1570 1546; x_wconf 92' lang='lat' dir='ltr'>modo</span> 
     </span>
     <span class='ocr_line' id='line_1_18' title="bbox 66 1581 1633 1666; baseline 0.001 -39"><span class='ocrx_word' id='word_1_140' title='bbox 66 1582 393 1628; x_wconf 86' lang='lat' dir='ltr'>intellexerim</span> <span class='ocrx_word' id='word_1_141' title='bbox 409 1599 607 1644; x_wconf 86' lang='lat' dir='ltr'>semper,</span> <span class='ocrx_word' id='word_1_142' title='bbox 631 1583 713 1629; x_wconf 86' lang='lat' dir='ltr'>sed</span> <span class='ocrx_word' id='word_1_143' title='bbox 734 1583 883 1630; x_wconf 84' lang='lat' dir='ltr'>etiam</span> <span class='ocrx_word' id='word_1_144' title='bbox 902 1587 1096 1645; x_wconf 86' lang='lat' dir='ltr'>praeter</span> <span class='ocrx_word' id='word_1_145' title='bbox 1115 1587 1301 1629; x_wconf 88' lang='lat' dir='ltr'>ceteros</span> <span class='ocrx_word' id='word_1_146' title='bbox 1320 1581 1633 1666; x_wconf 40' lang='lat' dir='ltr'>senserimqae</span> 
     </span>
     <span class='ocr_line' id='line_1_19' title="bbox 167 1635 1571 1726; baseline 0 -18"><span class='ocrx_word' id='word_1_147' title='bbox 167 1662 390 1711; x_wconf 86' lang='lat' dir='ltr'>XLVII.</span> <span class='ocrx_word' id='word_1_148' title='bbox 427 1635 737 1710; x_wconf 55' lang='lat' dir='ltr'>sffiaioribus</span> <span class='ocrx_word' id='word_1_149' title='bbox 752 1664 1007 1726; x_wconf 88' lang='lat' dir='ltr'>praesidiis</span> <span class='ocrx_word' id='word_1_150' title='bbox 1022 1668 1072 1710; x_wconf 91' lang='lat' dir='ltr'>et</span> <span class='ocrx_word' id='word_1_151' title='bbox 1087 1663 1238 1725; x_wconf 90' lang='lat' dir='ltr'>copiis</span> <span class='ocrx_word' id='word_1_152' title='bbox 1257 1670 1571 1726; x_wconf 87' lang='lat' dir='ltr'>oppugnatur</span> 
     </span>
     <span class='ocr_line' id='line_1_20' title="bbox 0 1743 1570 1806; baseline 0.001 -18"><span class='ocrx_word' id='word_1_153' title='bbox 0 1771 2 1796; x_wconf 66' lang='lat'>;</span> <span class='ocrx_word' id='word_1_154' title='bbox 68 1758 143 1788; x_wconf 86' lang='lat' dir='ltr'>res</span> <span class='ocrx_word' id='word_1_155' title='bbox 173 1743 368 1804; x_wconf 90' lang='lat' dir='ltr'>publica</span> <span class='ocrx_word' id='word_1_156' title='bbox 398 1759 545 1806; x_wconf 86' lang='lat' dir='ltr'>quam</span> <span class='ocrx_word' id='word_1_157' title='bbox 575 1743 872 1804; x_wconf 84' lang='lat' dir='ltr'>defenditur,</span> <span class='ocrx_word' id='word_1_158' title='bbox 907 1755 1166 1806; x_wconf 85' lang='lat' dir='ltr'>propterea</span> <span class='ocrx_word' id='word_1_159' title='bbox 1201 1744 1330 1806; x_wconf 92' lang='lat' dir='ltr'>quod</span> <span class='ocrx_word' id='word_1_160' title='bbox 1365 1743 1570 1789; x_wconf 89' lang='lat' dir='ltr'>audaces</span> 
     </span>
     <span class='ocr_line' id='line_1_21' title="bbox 70 1822 1571 1887; baseline 0.001 -19"><span class='ocrx_word' id='word_1_161' title='bbox 70 1822 292 1870; x_wconf 85' lang='lat' dir='ltr'>homines</span> <span class='ocrx_word' id='word_1_162' title='bbox 331 1829 380 1870; x_wconf 85' lang='lat' dir='ltr'>et</span> <span class='ocrx_word' id='word_1_163' title='bbox 424 1824 607 1886; x_wconf 88' lang='lat' dir='ltr'>perditi</span> <span class='ocrx_word' id='word_1_164' title='bbox 650 1829 777 1871; x_wconf 89' lang='lat' dir='ltr'>nutu</span> <span class='ocrx_word' id='word_1_165' title='bbox 823 1825 1146 1887; x_wconf 88' lang='lat' dir='ltr'>impelluntur</span> <span class='ocrx_word' id='word_1_166' title='bbox 1192 1830 1242 1871; x_wconf 91' lang='lat' dir='ltr'>et</span> <span class='ocrx_word' id='word_1_167' title='bbox 1287 1824 1383 1886; x_wconf 88' lang='lat' dir='ltr'>ipsi</span> <span class='ocrx_word' id='word_1_168' title='bbox 1423 1825 1571 1870; x_wconf 86' lang='lat' dir='ltr'>etiam</span> 
     </span>
     <span class='ocr_line' id='line_1_22' title="bbox 24 1905 1570 1968; baseline -0.001 -16"><span class='ocrx_word' id='word_1_169' title='bbox 24 1926 25 1931; x_wconf 47' lang='lat'>¹</span> <span class='ocrx_word' id='word_1_170' title='bbox 67 1910 241 1968; x_wconf 87' lang='lat' dir='ltr'>sponte</span> <span class='ocrx_word' id='word_1_171' title='bbox 265 1922 351 1952; x_wconf 85' lang='lat' dir='ltr'>sua</span> <span class='ocrx_word' id='word_1_172' title='bbox 374 1911 544 1952; x_wconf 89' lang='lat' dir='ltr'>contra</span> <span class='ocrx_word' id='word_1_173' title='bbox 565 1922 669 1952; x_wconf 90' lang='lat' dir='ltr'>rem</span> <span class='ocrx_word' id='word_1_174' title='bbox 692 1906 936 1968; x_wconf 89' lang='lat' dir='ltr'>publicam</span> <span class='ocrx_word' id='word_1_175' title='bbox 950 1906 1243 1965; x_wconf 72' lang='lat' dir='ltr'>incitantur,</span> <span class='ocrx_word' id='word_1_176' title='bbox 1275 1905 1394 1952; x_wconf 90' lang='lat' dir='ltr'>boni</span> <span class='ocrx_word' id='word_1_177' title='bbox 1407 1905 1570 1952; x_wconf 90' lang='lat' dir='ltr'>nescio</span> 
     </span>
     <span class='ocr_line' id='line_1_23' title="bbox 26 1984 1570 2048; baseline 0.001 -19"><span class='ocrx_word' id='word_1_178' title='bbox 26 2031 27 2048; x_wconf 16' lang='grc' dir='ltr'><strong>χ</strong></span> <span class='ocrx_word' id='word_1_179' title='bbox 69 1999 165 2045; x_wconf 93' lang='lat' dir='ltr'>quo</span> <span class='ocrx_word' id='word_1_180' title='bbox 191 1984 336 2030; x_wconf 91' lang='lat' dir='ltr'>modo</span> <span class='ocrx_word' id='word_1_181' title='bbox 362 1986 601 2032; x_wconf 87' lang='lat' dir='ltr'>tardiores</span> <span class='ocrx_word' id='word_1_182' title='bbox 635 1990 752 2032; x_wconf 90' lang='lat' dir='ltr'>sunt</span> <span class='ocrx_word' id='word_1_183' title='bbox 782 1990 834 2032; x_wconf 88' lang='lat' dir='ltr'>et</span> <span class='ocrx_word' id='word_1_184' title='bbox 859 1986 1112 2048; x_wconf 83' lang='lat' dir='ltr'>principiis</span> <span class='ocrx_word' id='word_1_185' title='bbox 1143 2002 1307 2032; x_wconf 88' lang='lat' dir='ltr'>rerum</span> <span class='ocrx_word' id='word_1_186' title='bbox 1338 1985 1570 2047; x_wconf 88' lang='lat' dir='ltr'>neglectis</span> 
     </span>
     <span class='ocr_line' id='line_1_24' title="bbox 68 2063 1609 2128; baseline 0.001 -19"><span class='ocrx_word' id='word_1_187' title='bbox 68 2063 130 2109; x_wconf 83' lang='lat' dir='ltr'>acl</span> <span class='ocrx_word' id='word_1_188' title='bbox 161 2069 435 2110; x_wconf 86' lang='lat' dir='ltr'>extremum</span> <span class='ocrx_word' id='word_1_189' title='bbox 463 2065 570 2127; x_wconf 89' lang='lat' dir='ltr'>ipsa</span> <span class='ocrx_word' id='word_1_190' title='bbox 603 2065 812 2128; x_wconf 88' lang='lat' dir='ltr'>denique</span> <span class='ocrx_word' id='word_1_191' title='bbox 845 2067 1134 2112; x_wconf 85' lang='lat' dir='ltr'>necessitate</span> <span class='ocrx_word' id='word_1_192' title='bbox 1168 2066 1479 2126; x_wconf 81' lang='lat' dir='ltr'>excitantur„</span> <span class='ocrx_word' id='word_1_193' title='bbox 1500 2065 1573 2112; x_wconf 85' lang='lat' dir='ltr'>ita</span> <span class='ocrx_word' id='word_1_194' title='bbox 1607 2116 1609 2118; x_wconf 59' lang='grc'><strong>,</strong></span> 
     </span>
     <span class='ocr_line' id='line_1_25' title="bbox 28 2146 1572 2208; baseline 0.001 -18"><span class='ocrx_word' id='word_1_195' title='bbox 28 2159 29 2191; x_wconf 69' lang='lat' dir='ltr'>l</span> <span class='ocrx_word' id='word_1_196' title='bbox 70 2148 128 2190; x_wconf 86' lang='lat' dir='ltr'>ut</span> <span class='ocrx_word' id='word_1_197' title='bbox 158 2160 411 2208; x_wconf 88' lang='lat' dir='ltr'>nonnumq</span> <span class='ocrx_word' id='word_1_198' title='bbox 478 2162 527 2191; x_wconf 91' lang='lat' dir='ltr'>m</span> <span class='ocrx_word' id='word_1_199' title='bbox 557 2147 867 2193; x_wconf 88' lang='lat' dir='ltr'>cunctatione</span> <span class='ocrx_word' id='word_1_200' title='bbox 897 2163 952 2193; x_wconf 85' lang='lat' dir='ltr'>ac</span> <span class='ocrx_word' id='word_1_201' title='bbox 981 2147 1229 2206; x_wconf 87' lang='lat' dir='ltr'>tarditate,</span> <span class='ocrx_word' id='word_1_202' title='bbox 1265 2146 1382 2193; x_wconf 89' lang='lat' dir='ltr'>dum</span> <span class='ocrx_word' id='word_1_203' title='bbox 1416 2146 1572 2192; x_wconf 89' lang='lat' dir='ltr'>otium</span> 
     </span>
     <span class='ocr_line' id='line_1_26' title="bbox 68 2224 1572 2289; baseline 0.002 -18"><span class='ocrx_word' id='word_1_204' title='bbox 68 2224 244 2271; x_wconf 83' lang='lat' dir='ltr'>volunt</span> <span class='ocrx_word' id='word_1_205' title='bbox 280 2227 428 2272; x_wconf 85' lang='lat' dir='ltr'>etiam</span> <span class='ocrx_word' id='word_1_206' title='bbox 474 2227 577 2273; x_wconf 88' lang='lat' dir='ltr'>sine</span> <span class='ocrx_word' id='word_1_207' title='bbox 623 2227 865 2289; x_wconf 86' lang='lat' dir='ltr'>dignitate</span> <span class='ocrx_word' id='word_1_208' title='bbox 905 2227 1129 2287; x_wconf 89' lang='lat' dir='ltr'>retinere,</span> <span class='ocrx_word' id='word_1_209' title='bbox 1173 2227 1268 2289; x_wconf 89' lang='lat' dir='ltr'>ipsi</span> <span class='ocrx_word' id='word_1_210' title='bbox 1308 2232 1572 2289; x_wconf 86' lang='lat' dir='ltr'>utrumque</span> 
     </span>
     <span class='ocr_line' id='line_1_27' title="bbox 29 2297 1691 2370; baseline 0.002 -21"><span class='ocrx_word' id='word_1_211' title='bbox 29 2297 30 2301; x_wconf 31' lang='lat'>¹</span> <span class='ocrx_word' id='word_1_212' title='bbox 70 2304 316 2354; x_wconf 85' lang='lat' dir='ltr'>amittant.</span> <span class='ocrx_word' id='word_1_213' title='bbox 351 2306 448 2353; x_wconf 89' lang='lat' dir='ltr'>Pro</span> <span class='ocrx_word' id='word_1_214' title='bbox 484 2312 746 2368; x_wconf 87' lang='lat' dir='ltr'>ugnatores</span> <span class='ocrx_word' id='word_1_215' title='bbox 786 2312 954 2353; x_wconf 90' lang='lat' dir='ltr'>autem</span> <span class='ocrx_word' id='word_1_216' title='bbox 986 2307 1056 2354; x_wconf 89' lang='lat' dir='ltr'>rei</span> <span class='ocrx_word' id='word_1_217' title='bbox 1087 2308 1310 2370; x_wconf 88' lang='lat' dir='ltr'>publicae</span> <span class='ocrx_word' id='word_1_218' title='bbox 1348 2307 1435 2370; x_wconf 89' lang='lat' dir='ltr'>qui</span> <span class='ocrx_word' id='word_1_219' title='bbox 1475 2322 1576 2354; x_wconf 87' lang='lat' dir='ltr'>esse</span> <span class='ocrx_word' id='word_1_220' title='bbox 1602 2305 1691 2353; x_wconf 88' lang='lat'>101</span> 
     </span>
     <span class='ocr_line' id='line_1_28' title="bbox 32 2386 1570 2448; baseline 0.001 -16"><span class='ocrx_word' id='word_1_221' title='bbox 32 2403 33 2418; x_wconf 77' lang='lat'>³</span> <span class='ocrx_word' id='word_1_222' title='bbox 71 2386 346 2446; x_wconf 86' lang='lat' dir='ltr'>voluerunt,</span> <span class='ocrx_word' id='word_1_223' title='bbox 381 2387 423 2434; x_wconf 87' lang='lat' dir='ltr'>si</span> <span class='ocrx_word' id='word_1_224' title='bbox 449 2389 654 2443; x_wconf 80' lang='lat' dir='ltr'>leviores</span> <span class='ocrx_word' id='word_1_225' title='bbox 695 2394 824 2447; x_wconf 87' lang='lat' dir='ltr'>sunt,</span> <span class='ocrx_word' id='word_1_226' title='bbox 866 2389 1140 2435; x_wconf 83' lang='lat' dir='ltr'>desciscunt</span> <span class='ocrx_word' id='word_1_227' title='bbox 1150 2406 1164 2448; x_wconf 84' lang='lat'>3</span> <span class='ocrx_word' id='word_1_228' title='bbox 1206 2389 1249 2436; x_wconf 89' lang='lat' dir='ltr'>si</span> <span class='ocrx_word' id='word_1_229' title='bbox 1285 2389 1570 2444; x_wconf 90' lang='lat' dir='ltr'>timidiores,</span> 
     </span>
     <span class='ocr_line' id='line_1_29' title="bbox 70 2452 1575 2532; baseline 0.001 -18"><span class='ocrx_word' id='word_1_230' title='bbox 70 2467 247 2514; x_wconf 79' lang='lat' dir='ltr'>desunt</span> <span class='ocrx_word' id='word_1_231' title='bbox 259 2452 593 2531; x_wconf 51' lang='lat' dir='ltr'>:ffermanent</span> <span class='ocrx_word' id='word_1_232' title='bbox 626 2469 701 2515; x_wconf 88' lang='lat' dir='ltr'>illi</span> <span class='ocrx_word' id='word_1_233' title='bbox 735 2469 823 2515; x_wconf 89' lang='lat' dir='ltr'>soli</span> <span class='ocrx_word' id='word_1_234' title='bbox 861 2475 1009 2531; x_wconf 88' lang='lat' dir='ltr'>atque</span> <span class='ocrx_word' id='word_1_235' title='bbox 1044 2470 1209 2517; x_wconf 87' lang='lat' dir='ltr'>omnia</span> <span class='ocrx_word' id='word_1_236' title='bbox 1243 2470 1314 2516; x_wconf 88' lang='lat' dir='ltr'>rei</span> <span class='ocrx_word' id='word_1_237' title='bbox 1349 2469 1575 2532; x_wconf 85' lang='lat' dir='ltr'>publicae</span> 
     </span>
     <span class='ocr_line' id='line_1_30' title="bbox 70 2550 1570 2616; baseline 0 -20"><span class='ocrx_word' id='word_1_238' title='bbox 70 2565 215 2597; x_wconf 86' lang='lat' dir='ltr'>causa</span> <span class='ocrx_word' id='word_1_239' title='bbox 245 2550 511 2616; x_wconf 68' lang='lat' dir='ltr'>perferunt,</span> <span class='ocrx_word' id='word_1_240' title='bbox 548 2551 635 2613; x_wconf 86' lang='lat' dir='ltr'>qui</span> <span class='ocrx_word' id='word_1_241' title='bbox 668 2556 786 2598; x_wconf 90' lang='lat' dir='ltr'>sunt</span> <span class='ocrx_word' id='word_1_242' title='bbox 818 2552 955 2611; x_wconf 89' lang='lat' dir='ltr'>tales,</span> <span class='ocrx_word' id='word_1_243' title='bbox 987 2552 1146 2614; x_wconf 84' lang='lat' dir='ltr'>qualis</span> <span class='ocrx_word' id='word_1_244' title='bbox 1181 2557 1320 2614; x_wconf 83' lang='lat' dir='ltr'>pater</span> <span class='ocrx_word' id='word_1_245' title='bbox 1342 2557 1473 2611; x_wconf 80' lang='lat' dir='ltr'>tuuS,</span> <span class='ocrx_word' id='word_1_246' title='bbox 1501 2550 1570 2596; x_wconf 90' lang='lat' dir='ltr'>M.</span> 
     </span>
     <span class='ocr_line' id='line_1_31' title="bbox 72 2628 1576 2695; baseline 0.001 -19"><span class='ocrx_word' id='word_1_247' title='bbox 72 2628 264 2689; x_wconf 82' lang='lat' dir='ltr'>Scaure,</span> <span class='ocrx_word' id='word_1_248' title='bbox 301 2632 409 2690; x_wconf 87' lang='lat' dir='ltr'>fuit,</span> <span class='ocrx_word' id='word_1_249' title='bbox 447 2633 534 2694; x_wconf 87' lang='lat' dir='ltr'>qui</span> <span class='ocrx_word' id='word_1_250' title='bbox 569 2648 599 2678; x_wconf 89' lang='lat' dir='ltr'>a</span> <span class='ocrx_word' id='word_1_251' title='bbox 635 2632 683 2679; x_wconf 81' lang='lat' dir='ltr'>O.</span> <span class='ocrx_word' id='word_1_252' title='bbox 726 2631 945 2679; x_wconf 82' lang='lat' dir='ltr'>Graccho</span> <span class='ocrx_word' id='word_1_253' title='bbox 980 2648 1132 2695; x_wconf 89' lang='lat' dir='ltr'>usque</span> <span class='ocrx_word' id='word_1_254' title='bbox 1168 2632 1231 2678; x_wconf 89' lang='lat' dir='ltr'>ad</span> <span class='ocrx_word' id='word_1_255' title='bbox 1266 2632 1322 2688; x_wconf 79' lang='lat' dir='ltr'>Q.</span> <span class='ocrx_word' id='word_1_256' title='bbox 1361 2631 1576 2678; x_wconf 85' lang='lat' dir='ltr'>Varium</span> 
     </span>
     <span class='ocr_line' id='line_1_32' title="bbox 73 2711 1575 2775; baseline 0.001 -18"><span class='ocrx_word' id='word_1_257' title='bbox 73 2711 312 2759; x_wconf 86' lang='lat' dir='ltr'>seditiosis</span> <span class='ocrx_word' id='word_1_258' title='bbox 327 2714 552 2760; x_wconf 85' lang='lat' dir='ltr'>omnibus</span> <span class='ocrx_word' id='word_1_259' title='bbox 567 2713 767 2772; x_wconf 86' lang='lat' dir='ltr'>restitit,</span> <span class='ocrx_word' id='word_1_260' title='bbox 789 2729 935 2775; x_wconf 89' lang='lat' dir='ltr'>quem</span> <span class='ocrx_word' id='word_1_261' title='bbox 950 2729 1220 2775; x_wconf 89' lang='lat' dir='ltr'>numquam</span> <span class='ocrx_word' id='word_1_262' title='bbox 1235 2714 1338 2759; x_wconf 81' lang='lat' dir='ltr'>ulla.</span> <span class='ocrx_word' id='word_1_263' title='bbox 1346 2713 1436 2771; x_wconf 84' lang='lat' dir='ltr'>vis,</span> <span class='ocrx_word' id='word_1_264' title='bbox 1447 2711 1575 2758; x_wconf 90' lang='lat' dir='ltr'>ullae</span> 
     </span>
     <span class='ocr_line' id='line_1_33' title="bbox 40 2790 1574 2884; baseline 0.001 -48"><span class='ocrx_word' id='word_1_265' title='bbox 40 2812 43 2827; x_wconf 76' lang='grc' dir='ltr'><strong><em>ι</em></strong></span> <span class='ocrx_word' id='word_1_266' title='bbox 72 2790 247 2849; x_wconf 88' lang='lat' dir='ltr'>minae,</span> <span class='ocrx_word' id='word_1_267' title='bbox 273 2793 376 2840; x_wconf 86' lang='lat' dir='ltr'>ulla</span> <span class='ocrx_word' id='word_1_268' title='bbox 409 2793 600 2840; x_wconf 86' lang='lat' dir='ltr'>invidia</span> <span class='ocrx_word' id='word_1_269' title='bbox 627 2793 854 2840; x_wconf 87' lang='lat' dir='ltr'>labefecit</span> <span class='ocrx_word' id='word_1_270' title='bbox 856 2799 1002 2884; x_wconf 34' lang='lat' dir='ltr'>=&amp;aut</span> <span class='ocrx_word' id='word_1_271' title='bbox 1037 2794 1196 2855; x_wconf 88' lang='lat' dir='ltr'>qualis</span> <span class='ocrx_word' id='word_1_272' title='bbox 1229 2794 1286 2851; x_wconf 81' lang='lat' dir='ltr'>Q.</span> <span class='ocrx_word' id='word_1_273' title='bbox 1324 2792 1574 2851; x_wconf 88' lang='lat' dir='ltr'>Metellus,</span> 
     </span>
    </p>
   </div>
   <div class='ocr_carea' id='block_1_3' title="bbox 208 2898 1442 2943">
    <p class='ocr_par' dir='ltr' id='par_1_3' title="bbox 208 2898 1442 2943">
     <span class='ocr_line' id='line_1_34' title="bbox 208 2898 1442 2943; baseline 0.004 -5"><span class='ocrx_word' id='word_1_274' title='bbox 208 2906 257 2939; x_wconf 83' lang='lat' dir='ltr'>H.</span> <span class='ocrx_word' id='word_1_275' title='bbox 1413 2898 1442 2943; x_wconf 88' lang='lat'>4</span> 
     </span>
    </p>
   </div>
   <div class='ocr_carea' id='block_1_4' title="bbox 0 857 59 2950">
    <p class='ocr_par' dir='ltr' id='par_1_4' title="bbox 0 857 59 2950">
     <span class='ocr_line' id='line_1_35' title="bbox 0 857 59 2950; baseline 0 0"><span class='ocrx_word' id='word_1_276' title='bbox 0 857 59 2950; x_wconf 95' lang='lat' dir='ltr'> </span> 
     </span>
    </p>
   </div>
  </div>
 </body>
</html>
