1812 2950
199 122 263 169 46
567 119 635 168 M.
689 119 909 168 TULLI
954 118 1336 168 CICERONIS

105 249 168 303 98
292 251 495 299 XLIII.
570 250 612 298 Ο
650 249 703 297 di
748 247 1072 296 immortales!
1130 263 1391 311 quemnam
1441 248 1699 296 ostenditis

196 333 386 380 exitum
412 313 577 380 nobis?
618 347 766 394 quam
798 347 933 393 spem
964 330 1038 377 rei
1064 329 1295 394 publicae
1331 329 1485 376 datis?
1519 334 1701 392 quotus

195 414 400 476 quisque
445 412 727 459 invenietur
771 418 914 456 tanta
958 410 1147 456 virtute
1192 410 1283 469 vir,
1332 410 1418 472 qui
1464 410 1700 472 optimam

194 508 436 557 quamque
472 507 666 538 causam
699 491 772 537 rei
806 490 1028 552 publicae
1063 489 1399 551 amplectatur,
1436 490 1524 552 qui
1557 490 1701 537 bonis
1794 531 1795 572 ἢ

196 574 313 621 viris
336 572 592 631 deserviat,
619 572 703 634 qui
727 570 932 617 solidam
962 570 1158 617 laudem
1180 585 1446 632 veramque
1469 571 1698 632 quaerat‘l
1725 584 1746 617 5
1794 579 1796 637 ᾗ

191 671 305 703 eum
327 655 449 702 sciat
472 654 568 700 duo
592 653 678 699 illa
701 652 773 699 rei
795 651 1017 714 publicae
1040 667 1195 714 paene
1218 650 1337 708 fata,
1357 651 1626 698 Gabinium
1649 657 1700 699 et
1794 647 1796 664 ³

194 734 436 794 Pisonem,
464 733 674 780 alterum
697 731 895 779 haurire
919 731 1095 778 cotidie
1121 748 1183 778 ex
1205 732 1527 794 pacatissimis
1550 737 1699 794 atque

196 813 580 878 opulentissimis
606 812 775 874 Syriae
806 811 936 874 gazis
963 812 1323 859 innumerabile
1353 813 1544 875 pondus
1574 814 1695 871 auri,

192 894 376 942 beUum
399 894 581 940 inferre
609 892 986 955 quiescentibus,
1018 897 1076 939 ut
1108 909 1277 939 eorum
1305 899 1498 941 veteres
1527 893 1698 940 inliba
1796 953 1797 964 ἵ

194 987 365 1038 tasque
399 974 599 1021 divitias
635 974 690 1020 in
729 973 1167 1036 profundissimum
1201 975 1464 1022 libidinum
1499 992 1699 1023 suarum
1726 991 1766 1023 1⁰
1796 979 1797 983 ’

192 1057 433 1121 gurgitem
451 1055 719 1118 profundat
727 1072 742 1115 3
776 1054 945 1101 villam
960 1054 1214 1101 aedificare
1237 1055 1291 1101 in
1308 1055 1460 1103 oculis
1478 1057 1698 1102 omnium
1796 1035 1797 1054 Χ

192 1143 396 1197 tantam,
422 1134 675 1197 tugurium
700 1139 758 1181 ut
779 1134 879 1181 iam
902 1135 1129 1182 videatur
1152 1150 1254 1181 esse
1277 1135 1364 1181 illa
1386 1135 1518 1195 villa,
1544 1151 1692 1198 quam

193 1220 294 1281 ipse
318 1217 550 1263 tribunus
572 1215 730 1277 plebis
753 1215 936 1278 pictam
958 1215 1075 1262 olim
1099 1215 1153 1261 in
1168 1216 1475 1262 contionibus
1490 1218 1698 1280 explica-

191 1300 291 1358 bat,
331 1313 428 1360 quo
465 1296 787 1343 fortissimum
813 1312 868 1343 ac
896 1312 1141 1344 summum
1170 1297 1326 1344 civem
1362 1298 1417 1345 in
1457 1299 1697 1348 invidiam
1795 1361 1798 1364 ἢ

101 1379 166 1430 94
187 1380 332 1427 homo
348 1382 509 1425 castus
527 1393 583 1424 ac
602 1393 701 1423 non
725 1378 929 1440 cupidus
953 1382 1173 1427 vocaret:
1196 1378 1405 1424 alterum
1426 1379 1694 1428 Thracibus
1724 1396 1764 1429 15
1795 1366 1799 1428 l

191 1476 247 1508 ac
262 1459 510 1507 Dardanis
528 1458 742 1520 primum
761 1473 928 1520 pacem
947 1458 1162 1504 maxima
1175 1459 1382 1521 pecunia
1404 1461 1692 1521 vendidisse,

191 1539 380 1598 deinde,
410 1545 470 1586 ut
502 1538 579 1585 illi
613 1538 869 1600 pecuniam
905 1538 1138 1585 conficere
1173 1544 1381 1601 possent,
1420 1541 1694 1588 vexandam

192 1622 261 1669 eis
289 1620 631 1668 Macedoniam
659 1625 708 1666 et
741 1619 1040 1682 spoliandam
1082 1619 1368 1681 tradidisse,
1390 1622 1696 1684 eundemque

190 1703 319 1750 bona
341 1701 638 1748 creditorum
674 1700 856 1747 civium
881 1701 1230 1758 Romanorum,
1257 1716 1368 1747 cum
1391 1701 1695 1750 debitoribus

193 1782 391 1830 Graecis
427 1782 662 1840 divisisse,
701 1797 870 1844 cogere
907 1781 1135 1843 pecunias
1171 1782 1413 1830 maximas
1446 1799 1476 1830 a
1510 1783 1693 1846 Dyrra-
1721 1801 1763 1832 2⁰

191 1863 363 1922 chinis,
407 1863 616 1926 spoliare
656 1862 926 1920 ThessaIOS,
969 1867 1153 1909 certam
1198 1863 1412 1910 Achaeis
1448 1863 1502 1910 in
1539 1880 1693 1911 annos

190 1943 406 2005 singulos
440 1943 698 2005 pecuniam
732 1942 1046 2004 imperavisse
1096 1957 1254 2004 neque
1294 1949 1461 1989 tamen
1502 1943 1603 1990 ullo
1638 1945 1693 1990 in

193 2024 387 2087 publico
411 2029 500 2071 aut
522 2024 745 2086 religioso
768 2023 873 2070 loco
897 2023 1092 2085 signum
1109 2028 1199 2070 aut
1211 2024 1431 2070 tabulam
1445 2030 1534 2071 aut
1551 2041 1692 2073 orna-

192 2110 414 2153 mentum
436 2106 690 2167 reliquisse
697 2121 711 2164 3
746 2104 856 2152 illos
878 2106 947 2151 sic
969 2105 1206 2164 inludere,
1233 2106 1410 2168 quibus
1427 2123 1570 2154 omne
1583 2122 1692 2170 sup-

193 2187 394 2249 plicium
422 2192 570 2250 atque
602 2186 760 2233 omnis
790 2187 897 2233 iure
927 2187 1111 2249 optimo
1141 2203 1296 2249 poena
1330 2188 1535 2235 debetur
1541 2206 1557 2249 3
1585 2204 1692 2236 reos
1719 2203 1759 2236 25

190 2284 294 2316 esse
321 2269 410 2316 hos
439 2268 576 2328 duos,
609 2284 729 2331 quos
761 2268 953 2315 videtis.
1027 2269 1219 2316 Omitto
1246 2270 1346 2316 iam
1377 2270 1686 2331 Numerium,

193 2349 471 2408 Serranum,
514 2348 732 2408 Aelium,
776 2349 1065 2412 quisquilias
1105 2351 1358 2398 seditionis
1399 2351 1664 2400 Clodianae
1673 2370 1688 2412 3

191 2430 276 2479 sed
298 2435 465 2478 tamen
488 2430 542 2476 hi
569 2446 761 2493 quoque
791 2431 939 2478 etiam
973 2448 1105 2479 nunc
1139 2432 1366 2490 volitant,
1402 2437 1461 2480 ut
1493 2434 1685 2493 videtis,

195 2527 293 2571 nec,
319 2511 437 2558 dum
462 2526 547 2558 vos
577 2511 637 2558 de
667 2511 806 2558 vobis
840 2512 1025 2575 aliquid
1059 2513 1311 2571 timebitis,
1346 2512 1423 2560 illi
1455 2529 1687 2577 umquam
1790 2528 1799 2581 Ἀ

191 2593 250 2640 de
273 2609 323 2640 se
346 2592 700 2655 pertimescent.
1716 2612 1758 2644 ³0
1788 2596 1791 2602 “

103 2673 165 2722 95
289 2672 481 2720 XLIV.
554 2673 686 2719 Nam
715 2674 835 2735 quid
870 2690 956 2736 ego
988 2674 1049 2722 de
1083 2675 1239 2722 aedile
1261 2676 1369 2737 ipso
1392 2676 1574 2739 loquar,
1603 2677 1689 2737 qui

192 2754 339 2800 etiam
362 2753 492 2800 diem
517 2753 646 2800 dixit
677 2759 728 2800 et
758 2755 1005 2802 accusavit
1028 2756 1087 2803 de
1111 2756 1162 2802 vi
1191 2756 1460 2804 Milonem?
1514 2759 1687 2819 Neque
