1812 2950
176 152 240 206 §2
551 149 621 196 M.
674 149 890 196 TULLI
933 145 1317 197 CICERONIS

175 274 341 336 Appia
386 273 484 320 iam
530 274 813 320 vocabatur.
861 272 962 331 Qui
1011 278 1178 319 tamen
1223 287 1419 333 quoquo
1467 277 1682 334 tempore

176 359 460 416 conspectus
501 360 619 411 erat,
662 369 762 400 non
796 352 941 399 modo
978 351 1284 413 gladiatoreS,
1327 352 1411 398 sed
1440 352 1553 413 equi
1588 352 1681 413 ipsi

63 433 150 480 12¹7
175 434 498 496 gladiatorum
521 434 791 496 repentinis
815 433 969 480 sibilis
987 434 1383 479 extimescebant.
1422 432 1681 478 Videtisne

175 515 329 577 igitur
369 520 610 577 quantum
642 514 840 561 intersit
872 514 1004 560 inter
1035 513 1274 575 populum
1312 513 1594 559 Romanum
1631 519 1681 560 et

176 595 488 642 contionem'l
555 594 776 641 dominos
830 594 1113 640 contionum
1165 593 1301 639 omni
1346 593 1457 639 odio
1510 593 1680 654 populi
1706 608 1727 640 5

174 677 366 726 notarii
386 676 563 738 quibus
592 681 758 723 autem
794 676 1057 723 consistere
1087 675 1142 721 in
1167 691 1423 737 operarum
1448 675 1681 721 contioni-

173 757 265 804 bus
286 773 396 803 vnon
423 758 579 814 liceat,
607 774 686 805 eos
715 758 850 805 omni
880 757 1049 819 populi
1083 756 1298 803 Romani
1328 757 1681 818 significatione

175 839 426 886 decorari?

274 922 350 968 Tu
373 921 496 968 mihi
520 922 670 968 etiam
695 922 765 969 M.
795 921 1012 968 Atilium
1036 920 1286 981 Regulum
1319 935 1678 976 commemoras,

174 1002 261 1064 qui
298 1002 458 1049 redire
494 1003 598 1064 ipse
651 1002 1001 1063 Carthaginem
1047 1018 1135 1048 sua
1175 1001 1432 1047 voluntate
1469 998 1532 1045 ad
1568 1015 1678 1060 sup·
1710 1014 1748 1044 10

174 1076 391 1139 plicium,
415 1093 562 1139 quam
589 1076 692 1124 sine
731 1076 792 1124 iis
824 1077 1048 1139 captivis,
1075 1094 1104 1124 a
1133 1077 1312 1140 quibus
1348 1078 1410 1124 ad
1449 1082 1677 1124 senatum
1800 1074 1801 1079 ’

175 1156 352 1203 missus
383 1162 503 1214 erat,
546 1157 734 1203 Romae
768 1173 967 1204 manere
1001 1157 1246 1215 maluerit,
1285 1162 1334 1204 et
1369 1157 1493 1203 mihi
1527 1174 1677 1220 negas

175 1236 446 1299 optandum
483 1237 700 1284 reditum
727 1237 877 1284 fuisse
914 1253 1002 1299 per
1036 1237 1251 1284 familias
1285 1244 1591 1300 comparatas
1625 1245 1677 1285 et

176 1317 398 1365 homines
421 1323 633 1364 armatos
652 1319 669 1365 2

277 1395 388 1442 LX.
459 1395 582 1441 Vim
620 1396 805 1442 scilicet
842 1411 929 1458 ego
971 1395 1258 1455 desideravi,
1303 1395 1402 1457 qui,
1451 1396 1568 1441 dum
1610 1395 1684 1440 vis
1713 1410 1751 1440 15
1783 1348 1799 1433 i

176 1475 286 1535 fuit,
315 1475 440 1522 nihil
469 1476 558 1538 egi,
586 1482 637 1523 et
677 1493 837 1539 quem,
876 1477 919 1523 si
955 1477 1031 1523 vis
1067 1492 1168 1523 non
1204 1475 1392 1534 fuisset,
1426 1475 1566 1522 nulla
1605 1491 1682 1520 res

63 1553 153 1600 128
175 1554 470 1603 labefactare
493 1555 743 1616 potuisset.
818 1555 970 1601 Hunc
1005 1570 1092 1616 ego
1114 1554 1327 1600 reditum
1359 1553 1679 1615 repudiarem,

176 1633 261 1695 qui
283 1633 356 1679 ita
378 1633 555 1680 florens
577 1634 688 1692 fuit,
718 1639 776 1680 ut
799 1650 982 1693 verear,
1008 1650 1072 1680 ne
1095 1634 1181 1696 qui
1203 1650 1282 1680 me
1310 1634 1474 1680 studio
1501 1633 1683 1695 gloriae

175 1719 319 1776 putet
363 1715 543 1762 idcirco
590 1716 761 1774 exisse,
812 1722 870 1763 ut
914 1715 986 1762 ita
1040 1716 1283 1763 redirem?
1342 1713 1498 1771 Quem
1550 1715 1681 1761 enim

176 1811 407 1856 umquam
455 1800 654 1842 senatus
703 1796 859 1842 civem
906 1795 1003 1842 nisi
1049 1811 1127 1842 me
1172 1795 1456 1842 nationibus
1502 1795 1682 1842 exteris
1709 1811 1749 1842 20

176 1876 569 1924 commendavit‘l
625 1876 764 1923 cuius
809 1893 1044 1938 umquam
1089 1881 1288 1938 propter
1332 1866 1540 1922 salutem
1585 1874 1682 1921 nisi

175 1971 334 2002 meam
374 1963 573 2003 senatus
613 1958 806 2019 publice
846 1957 986 2004 sociis
1026 1957 1197 2019 populi
1238 1955 1452 2002 Romani
1496 1956 1680 2018 gratias

176 2036 306 2098 egit?
346 2038 423 2084 De
467 2053 545 2083 me
590 2053 689 2084 uno
735 2042 899 2099 patres
941 2036 1203 2098 conscripti
1244 2036 1564 2083 decreverunt
1605 2043 1676 2094 ut,

176 2117 262 2178 qui
285 2117 561 2178 provincias
586 2135 695 2165 cum
719 2119 925 2181 imperio
961 2119 1254 2176 obtinerent,
1280 2119 1367 2180 qui
1397 2124 1678 2180 quaestores

175 2197 421 2260 legatique
467 2204 643 2257 essent,
688 2199 898 2245 salutem
944 2204 994 2245 et
1030 2199 1186 2245 vitam
1227 2199 1541 2247 custodirent.
1614 2199 1676 2245 In
1704 2215 1743 2246 25
1789 2188 1795 2238 Ϊ

176 2294 275 2324 una
298 2293 406 2324 mea
435 2295 581 2325 causa
614 2283 725 2340 post
761 2279 971 2326 Romam
1000 2279 1248 2326 conditam
1288 2279 1475 2326 factum
1511 2285 1600 2336 est,
1621 2286 1678 2326 ut
1787 2271 1791 2278 ⁸

176 2357 356 2404 litteris
401 2359 736 2406 consularibus
781 2374 843 2405 ex
889 2364 1087 2405 senatus
1127 2359 1349 2406 consulto
1394 2366 1569 2406 cuncta
1614 2376 1677 2406 ex

177 2439 326 2485 Italia
349 2455 528 2496 omnes,
555 2440 641 2502 qui
672 2456 774 2486 rem
796 2441 1039 2502 publicam
1075 2440 1259 2486 salvam
1283 2440 1480 2498 vellent,
1506 2457 1677 2487 convo-

176 2521 417 2566 carentur.
488 2517 626 2573 Quod
670 2535 937 2582 numquam
976 2525 1176 2567 senatus
1210 2520 1264 2567 in
1302 2519 1558 2566 universae
1604 2521 1675 2568 rei
1783 2581 1785 2592 Ι

179 2599 398 2660 publicae
421 2600 635 2662 periculo
659 2601 889 2660 decrevit,
915 2602 967 2648 id
989 2602 1043 2648 in
1065 2603 1211 2648 unius
1245 2617 1356 2648 mea
1385 2601 1544 2648 salute
1567 2619 1675 2649 con·
1701 2619 1742 2651 30
1783 2627 1790 2664 ρ

176 2681 414 2728 servanda
450 2681 808 2731 decernendum
844 2683 1052 2746 putavit.
1149 2683 1307 2740 Quem
1343 2684 1479 2730 curia
1519 2685 1672 2745 magis

178 2760 465 2822 requisivitl
510 2778 653 2824 quem
677 2763 836 2809 forum
860 2763 1022 2810 luxit‘l
1067 2779 1212 2826 quem
1251 2779 1404 2826 aeque
1444 2763 1552 2826 ipsa
1588 2765 1671 2811 tri·
