1812 2950
271 122 408 171 PRO
443 122 498 170 P.
539 120 781 170 SESTIO
820 120 1078 169 ORATIO
1113 121 1159 182 ἓξ
1193 120 1389 167 88—92
1538 120 1600 168 45

102 250 441 312 flammamque
473 248 688 311 depellit,
722 249 809 311 qui
839 248 935 296 sibi
965 248 1109 294 licere
1142 247 1246 294 volt
1277 253 1387 294 tuto
1419 263 1520 295 esse
1551 248 1604 294 in

101 333 220 391 foro,
258 332 311 377 in
347 331 543 393 templo,
579 330 632 376 in
666 330 811 389 curia,
849 332 955 377 iure
990 329 1287 392 praesidium
1324 314 1602 391 comparat:

103 413 188 475 qui
208 412 501 470 volneribus,
520 426 644 472 quae
663 411 820 457 cernit
837 410 1014 457 cotidie
1029 415 1134 456 toto
1149 425 1359 472 corpore,
1379 413 1606 456 monetur

103 498 162 539 ut
201 492 364 554 aliquo
402 490 639 554 praesidio
676 496 823 553 caput
861 496 911 538 et
947 491 1157 537 cervices
1194 495 1244 537 et
1280 490 1505 552 iugulum
1550 506 1605 536 ac

58 586 80 620 5
106 573 261 619 latera
308 578 510 632 tutetur,
551 571 681 619 hunc
716 572 775 618 de
813 571 862 617 vi
896 572 1222 618 accusandum
1268 572 1443 633 putas?
1489 572 1608 628 Quis
1634 571 1690 618 91

107 653 237 700 enim
282 659 519 713 nostrum,
567 652 764 710 iudiceS‚
814 652 1009 715 ignorat
1055 653 1126 698 ita
1172 658 1400 698 naturam
1442 669 1606 699 rerum

107 735 291 794 tulisse,
331 741 388 782 ut
425 735 636 798 quodam
677 724 895 796 tempore
931 734 1152 781 homines
1191 734 1408 780 nondum
1446 749 1605 795 neque

14 844 39 882 {¹
105 817 321 864 naturali
355 833 512 879 neque
546 816 680 862 civili
715 818 821 862 iure
857 815 1098 877 descripto
1134 815 1234 861 fusi
1267 831 1352 877 per
1387 830 1527 876 agros
1552 830 1606 860 ac

106 897 309 960 dispersi
361 903 659 959 vagarentur
710 900 1004 958 tantumque
1057 896 1307 953 haberent,
1366 901 1607 958 quantum

14 993 81 1027 ,¹10
107 994 257 1024 manu
293 995 350 1025 ac
385 978 573 1024 viribus
609 993 697 1040 per
733 977 927 1023 caedem
965 993 1019 1023 ac
1054 976 1259 1023 vulnera
1297 982 1384 1022 aut
1421 976 1606 1038 eripere

14 1054 15 1059 ¹
107 1064 196 1106 aut
229 1059 440 1106 retinere
472 1058 783 1121 potuissentZ
827 1057 928 1114 Qui
968 1057 1123 1119 igitur
1162 1057 1310 1119 primi
1342 1056 1530 1102 virtute
1558 1062 1607 1101 et

109 1140 310 1187 consilio
355 1139 628 1202 praestanti
681 1138 994 1196 exstiterunt,
1055 1137 1092 1183 ii
1137 1141 1387 1199 perspecto
1433 1151 1608 1198 genere

109 1221 350 1269 humanae
382 1220 645 1267 docilitatis
676 1225 823 1281 atque
854 1218 1041 1280 ingenii
1074 1218 1333 1279 dissipatos
1364 1233 1519 1263 unum
1554 1217 1608 1262 in

108 1304 270 1350 locum
292 1306 650 1364 congregarunt
673 1316 848 1362 eosque
872 1316 935 1346 ex
956 1300 1152 1346 feritate
1174 1299 1260 1345 illa
1283 1299 1344 1345 ad
1367 1297 1611 1344 iustitiam

45 1399 83 1432 15
108 1390 256 1447 atque
287 1384 349 1430 ad
380 1382 805 1429 mansuetudinem
828 1381 1229 1428 transduxerunt.
1301 1380 1426 1426 Tum
1449 1395 1526 1426 res
1549 1379 1610 1425 ad

13 1449 16 1515 ἶ
110 1480 416 1511 communem
447 1464 730 1520 utilitatem,
758 1478 878 1524 quas
910 1462 1128 1523 publicas
1160 1460 1474 1523 appellamus,
1501 1465 1610 1506 tum

111 1545 450 1592 conventicula
473 1544 742 1602 hominum,
760 1558 883 1605 quae
906 1547 1074 1604 postea
1090 1542 1315 1588 civitates
1330 1541 1610 1587 nominatae

74 1657 80 1664 -
113 1633 240 1684 sunt,
284 1631 393 1672 tum
434 1625 680 1672 domicilia
719 1624 990 1682 coniuncta,
1033 1639 1154 1684 quas
1201 1623 1338 1668 urbis
1387 1622 1607 1678 dicimus,

14 1746 16 1785 ἰ
111 1707 317 1753 invento
358 1710 407 1752 et
449 1705 615 1752 divino
645 1706 752 1751 iure
793 1710 843 1751 et
881 1705 1096 1751 humano
1136 1704 1389 1750 moenibus
1430 1718 1609 1765 saepse-

14 1795 16 1872 Ι
46 1802 86 1834 20
111 1793 242 1833 runt.
314 1787 485 1848 Atque
508 1787 640 1833 inter
662 1786 787 1831 hanc
810 1785 965 1831 vitam
989 1784 1281 1847 perpolitam
1305 1784 1614 1831 humanitate
1639 1783 1699 1832 92

114 1871 164 1912 et
194 1866 328 1912 illam
359 1867 622 1913 immanem
653 1865 780 1912 nihil
810 1869 912 1912 tam
947 1867 1152 1912 interest
1183 1882 1331 1928 quam
1362 1866 1438 1911 ius
1463 1871 1610 1927 atque

114 1946 202 1992 vis.
248 1945 446 1992 Horum
493 1951 604 1992 utro
642 1945 719 1991 uti
756 1932 997 2003 nolumus,
1038 1945 1194 1992 altero
1229 1950 1303 1992 est
1338 1945 1594 1992 utendum.

95 2011 236 2073 'Vim
248 2027 475 2073 volumus
503 2027 775 2089 exstingui:
813 2027 890 2072 ius
922 2027 1086 2072 valeat
1115 2042 1307 2072 necesse
1341 2031 1428 2084 est,
1454 2026 1506 2072 id
1537 2031 1612 2072 est

114 2107 307 2168 iudicia,
337 2107 514 2170 quibus
538 2124 680 2155 omne
703 2108 782 2155 ius
805 2088 1122 2179 continetuxfl
1139 2107 1331 2155 Iudicia
1354 2107 1613 2170 displicent

44 2201 88 2237 ,εὔ
116 2192 202 2233 aut
216 2187 354 2240 nulla
371 2192 508 2234 sunt:
546 2188 622 2234 vis
641 2188 918 2235 dominetur
940 2203 1133 2234 necesse
1158 2193 1242 2233 est.
1307 2187 1418 2233 Hoc
1442 2187 1614 2233 vident

117 2283 308 2315 omnes:
346 2267 471 2315 Milo
504 2274 554 2315 et
584 2268 712 2314 vidit
742 2273 792 2315 et
822 2267 952 2325 fecit,
979 2273 1036 2314 ut
1066 2268 1143 2314 ius
1167 2269 1484 2330 experiretur,
1511 2268 1614 2314 vim

41 2346 44 2347 ⁷
117 2318 422 2477 depelleret?
460 2349 636 2396 Altero
669 2350 745 2396 uti
776 2349 948 2409 voluit,
973 2354 1031 2396 ut
1053 2351 1213 2396 virtus
1235 2350 1489 2396 audaciam
1513 2350 1617 2395 vin-

120 2435 249 2476 ceret
263 2447 277 2490 3
297 2430 367 2476 alt
397 2446 452 2477 ro
482 2447 600 2478 usus
630 2430 900 2477 necessario
931 2436 1017 2487 est,
1044 2446 1106 2476 ne
1137 2430 1297 2477 virtus
1328 2431 1389 2476 ab
1413 2429 1616 2476 audacia

121 2511 407 2559 vinceretur.
482 2511 762 2574 Eademque
796 2511 922 2558 ratio
956 2511 1056 2557 fuit
1091 2511 1235 2567 Sesti,
1289 2511 1331 2558 si
1365 2510 1530 2556 minus
1563 2509 1616 2554 in

15 2601 18 2652 l
54 2603 95 2637 ao
120 2590 610 2653 accusando—neque
657 2591 787 2638 enim
840 2606 928 2654 per
977 2593 1135 2639 omnis
1181 2591 1276 2638 fuit
1328 2590 1459 2637 idem
1511 2589 1617 2636 fieri

16 2659 17 2665 ἵ
124 2686 395 2731 necesse—,
428 2677 479 2719 at
509 2677 638 2719 certe
668 2673 721 2718 in
751 2672 1038 2720 necessitate
1076 2672 1407 2720 defendendae
1445 2670 1620 2717 salutis

125 2766 239 2799 suae
263 2753 597 2818 praesidioque
621 2758 790 2800 contra
814 2753 912 2800 vim
941 2759 990 2800 et
1014 2769 1215 2799 manum
1240 2751 1578 2815 comparando.
