1812 2950
276 119 412 168 12120
446 120 504 167 P.
543 118 786 169 ssssmo
823 118 1078 168 ORATIO
1113 121 1158 180 Q
1193 120 1388 166 40—45
1558 118 1616 167 21

112 265 259 312 prope
281 254 443 296 vestro
468 248 690 296 defuisse.
764 246 1122 295 Oontenderem
1155 252 1326 293 contra
1357 247 1617 294 tribunum
1642 246 1707 297 43

113 329 267 392 plebis
301 329 523 391 privatus
554 328 702 376 armis
722 326 1006 375 'lVicissent
1028 327 1274 389 improbos
1306 327 1439 386 boni,
1465 327 1617 374 fortes

111 411 312 470 inertis3
347 411 631 458 interfectus
664 414 789 456 esset
811 409 867 467 is,
895 409 981 471 qui
1003 409 1094 455 hac
1116 425 1217 455 una
1240 408 1482 455 medicina
1517 409 1619 455 sola

112 490 273 552 potuit
296 507 325 536 a
347 491 420 537 rei
449 490 670 552 publicae
699 494 837 551 peste
869 488 1079 551 depelli:
1116 489 1235 550 quid
1269 488 1476 535 deinde'l
1510 489 1619 551 quis

67 585 88 617 5
116 569 305 632 reliqua
327 569 627 633 praestaret?
661 570 740 615 cui
764 568 975 630 denique
1012 573 1119 614 erat
1150 567 1368 627 dubium,
1397 568 1516 630 quin
1535 568 1620 615 ille

114 651 310 714 sanguis
344 651 651 708 tribunicius,
686 651 825 696 nullo
862 650 1149 712 praesertim
1186 650 1381 712 publico
1421 649 1620 697 consilio

111 731 350 794 profusus,
387 732 608 779 consules
644 731 829 777 ultores
871 734 922 777 et
956 729 1232 777 defensores
1267 734 1395 776 esset
1427 729 1620 776 habitu-

113 811 230 858 rus?
265 827 375 858 cum
400 811 598 874 quidam
622 811 676 856 in
708 810 936 857 contione
969 810 1176 857 dixisset
1199 815 1288 856 aut
1320 809 1446 855 mihi
1470 810 1617 857 semel

118 892 421 954 pereundum
444 897 532 939 aut
555 892 630 939 bis
654 907 757 938 esse
781 892 1089 938 vincendum.
1147 892 1278 948 Quid
1298 896 1403 938 erat
1418 891 1493 937 bis
1512 891 1616 936 vin-

16 973 17 981 ’
48 987 87 1020 10
115 975 253 1021 cere?
288 974 336 1020 id
367 975 598 1036 profecto,
622 981 694 1033 ut,
721 991 830 1021 cum
863 974 1196 1020 amentissimo
1232 974 1432 1019 tribuno
1463 973 1618 1035 plebis

114 1055 157 1101 si
188 1055 522 1113 decertassem,
560 1071 672 1102 cum
709 1055 991 1102 consulibus
1026 1055 1295 1116 ceterisque
1330 1055 1434 1101 eius
1468 1054 1618 1100 ultor-

112 1135 222 1188 ibus
256 1136 549 1183 dimicarem.
618 1136 724 1198 Ego
760 1152 888 1194 vero,
916 1136 996 1182 vel
1031 1136 1075 1183 si
1109 1137 1413 1198 pereundum
1449 1136 1622 1182 fuisset
1645 1135 1708 1181 44

112 1233 167 1264 ac
200 1233 302 1264 non
332 1216 614 1279 accipienda
644 1217 787 1278 plaga
818 1216 943 1264 mihi
974 1216 1222 1275 sanabilis,
1258 1216 1334 1262 illi
1365 1215 1617 1262 mortifera

80 1342 82 1344 .
112 1298 197 1361 qui
219 1299 542 1360 imposuisset,
564 1298 712 1345 semel
737 1299 895 1360 perire
918 1303 1099 1358 tamen,
1117 1298 1317 1356 iudices,
1337 1297 1615 1343 maluissem

52 1398 92 1432 15
112 1398 260 1445 quam
274 1382 351 1430 bis
365 1382 574 1430 vincere.
616 1382 741 1429 Erat
755 1383 889 1430 enim
898 1382 986 1428 illa
995 1382 1152 1428 altera
1161 1382 1266 1428 eius
1275 1381 1410 1429 modi
1421 1386 1616 1429 conten—

114 1462 198 1522 tio,
223 1468 283 1510 ut
305 1479 464 1526 neque
488 1463 611 1510 victi
634 1480 794 1526 neque
818 1464 1029 1511 victores
1052 1480 1156 1510 rem
1181 1464 1427 1525 publicam
1446 1468 1616 1510 tenere

113 1561 376 1608 possemus.
449 1545 595 1606 Quid,
617 1546 660 1592 si
683 1546 737 1592 in
760 1546 921 1608 prima
944 1545 1260 1592 contentione
1279 1545 1331 1590 vi
1348 1545 1618 1592 tribunicia

114 1623 277 1670 victus
317 1623 370 1669 in
410 1625 515 1670 foro
557 1639 670 1670 cum
713 1624 886 1670 multis
926 1623 1069 1670 bonis
1109 1623 1232 1670 viris
1267 1623 1619 1670 concidissem‘l

117 1704 354 1751 Senatum
388 1705 623 1765 consules,
661 1705 818 1764 credo,
857 1711 1127 1765 vocassent,
1165 1721 1310 1767 quem
1351 1710 1516 1752 totum
1557 1705 1618 1751 de

16 1817 17 1834 ι
55 1801 98 1836 20
117 1785 320 1833 civitate
356 1786 581 1833 delerant
595 1804 610 1848 ,·
645 1786 708 1833 ad
742 1803 880 1833 arma
911 1793 1184 1848 vocassent,
1219 1787 1306 1850 qui
1336 1803 1400 1834 ne
1432 1787 1618 1834 vestitu

113 1869 309 1931 quidem
333 1867 530 1915 defendi
554 1884 658 1914 rem
681 1869 928 1931 publicam
951 1840 1152 1930 &33ngss
1186 1886 1215 1916 a
1239 1870 1438 1917 tribuno
1462 1869 1619 1932 plebis

111 1954 220 2012 post
252 1949 509 1996 interitum
543 1966 702 1997 mewm
732 1950 1059 2011 dissedissent,
1093 1951 1179 2013 qui
1211 1951 1414 1997 eandem
1446 1949 1617 1997 horam

113 2045 247 2076 meae
271 2029 422 2091 pestis
445 2034 496 2076 et
518 2045 716 2076 suorum
740 2031 1069 2093 praemiorum
1093 2046 1196 2077 esse
1221 2031 1507 2077 voluissent.

177 2109 297 2158 XX.
372 2110 545 2158 Unum
581 2111 711 2158 enim
743 2112 867 2159 mihi
900 2113 1117 2158 restabat
1149 2111 1285 2170 illud,
1321 2111 1452 2173 quod
1487 2111 1621 2158 forsi-
1645 2111 1705 2159 45

15 2195 19 2260 ξ
45 2204 86 2239 83
110 2196 197 2238 tan
250 2207 493 2239 nonnemo
548 2192 628 2238 vir
682 2192 826 2239 fortis
880 2198 931 2239 et
976 2193 1102 2240 acris
1156 2192 1310 2239 animi
1355 2192 1617 2254 magnique

16 2267 17 2299 l
112 2272 317 2319 dixerit:
362 2274 683 2332 ‘Restitisses,
732 2290 1065 2337 repugnasses,
1122 2280 1333 2321 mortem
1391 2289 1616 2336 pugnans

111 2355 406 2417 oppetisses.’
474 2356 552 2403 De
584 2371 681 2419 quo
710 2362 779 2415 te,
809 2362 872 2415 te,
911 2357 1127 2419 inquam,
1161 2357 1337 2420 patria,
1375 2362 1530 2404 testor
1565 2362 1615 2402 et

110 2449 210 2495 vos,
249 2441 451 2498 penates
482 2436 730 2498 patriique
760 2436 855 2494 dei,
881 2452 959 2483 me
982 2442 1261 2483 vestrarum
1292 2416 1357 2483 §eb
1378 2413 1462 2482 &130
1492 2441 1612 2482 tem-

110 2515 396 2579 plorumque
419 2533 577 2577 causa,
603 2533 680 2564 me
703 2523 905 2580 propter
935 2518 1142 2565 salutem
1171 2534 1391 2565 meorum
1415 2518 1612 2575 civium,

16 2612 19 2647 J
45 2609 85 2644 ω
109 2611 232 2659 quae
265 2597 386 2644 mihi
421 2613 610 2660 semper
643 2597 743 2645 fuit
773 2615 882 2645 mea
916 2599 1073 2646 carior
1104 2599 1222 2658 vita,
1250 2598 1612 2645 dimicationem

110 2677 397 2739 caedemque
443 2677 636 2739 fugisse.
709 2678 910 2725 Etenim
952 2679 995 2725 si
1036 2678 1159 2724 mihi
1199 2679 1252 2724 in
1287 2677 1454 2739 aliqua
1487 2691 1613 2723 nave

110 2772 219 2803 cum
255 2757 377 2804 meis
412 2758 582 2805 amicis
615 2758 874 2821 naviganti
907 2758 1011 2818 hoc,
1037 2759 1233 2816 iudices,
1260 2758 1527 2817 accidisset,
1553 2761 1611 2803 ut
