1812 2950
756 107 811 156 N
810 107 984 157 OTES
1518 111 1613 160 207

109 238 304 279 Fausti.
390 238 548 290 Cicero,
590 237 625 280 it
658 238 744 280 will
773 239 824 281 be
856 238 1074 288 observed,
1109 240 1231 281 takes
1261 252 1319 281 no
1355 245 1536 283 account
1573 243 1618 283 of

107 291 260 334 honest
279 293 617 335 revolutionists.

183 374 213 414 1.
234 375 272 416 6.
301 379 656 424 implicationem,
690 375 918 417 ‘involved
939 377 1079 424 state‚’
1104 382 1114 401 ⁸
1132 376 1525 426 embarrassment,‘
1557 377 1610 419 cf.

104 431 125 478 ἓ
163 429 216 471 97
252 431 375 470 malis
405 432 635 470 domesticis
672 432 904 482 impeditos.
1029 436 1247 472 communi
1283 436 1613 474 incendio—de-

104 486 305 531 flag-rare,
342 489 352 507 ⁶
370 486 415 524 to
452 484 595 534 perish
634 483 682 524 in
720 497 745 524 a
781 485 953 535 general
990 486 1335 536 conflagration.’
1396 486 1452 527 So
1500 486 1608 529 Vell.

103 537 265 577 Patere.
287 549 322 576 11
347 538 412 584 91,
437 539 463 576 4
492 540 640 590 quippe
666 540 730 578 ita
758 551 799 579 se
828 552 955 579 mores
977 541 1141 586 habent,
1163 546 1211 579 ut
1231 541 1406 590 publica
1435 542 1612 591 quisque

103 592 228 630 ruina
257 593 377 631 malit
406 594 600 639 occidere,
627 605 749 643 quam
774 606 851 632 sua
866 595 1025 644 proteri
1049 600 1089 633 et
1119 595 1227 634 idem
1246 607 1448 644 passurus
1475 597 1612 634 minus

104 646 299 695 conspici,
323 646 406 684 Cic.
423 646 471 685 in
498 646 588 686 Cat.
617 658 662 685 1v
691 650 711 696 ξ
734 647 783 684 14
804 649 877 697 qui
905 660 995 686 cum
1014 649 1095 687 sibi
1120 649 1309 687 viderent
1333 661 1416 688 esse
1433 661 1609 700 pereun-

104 699 211 748 dum,
236 712 326 738 cum
347 701 531 739 omnibus
545 702 688 750 potius
710 713 834 752 quam
856 703 934 741 soli
956 703 1098 753 perire
1120 703 1350 750 voluerunt,
1374 701 1459 742 Cic.
1482 715 1542 743 or.
1564 703 1611 742 in

104 752 197 792 Cat.
219 764 255 792 11
274 755 295 803 §
319 755 384 802 21,
406 765 448 792 1v
468 758 488 804 ξ
510 755 575 794 14.

180 834 210 875 1.
228 835 293 876 10.
349 837 665 888 gubernacula]
693 837 835 887 5201.
861 838 928 878 28.

180 917 208 960 1.
252 918 318 959 11.
374 923 571 969 scientia,
611 923 621 941 ‘
635 919 757 959 skill:
776 920 786 939 '
823 920 875 960 de
903 920 1065 960 invent.
1100 932 1118 960 1
1151 923 1173 971 §
1206 921 1258 961 58
1295 923 1417 961 navis
1456 923 1608 973 optime

101 984 262 1012 cursum
280 975 442 1026 conficit
461 986 510 1013 ea
531 986 636 1025 quae
663 976 1008 1015 scientissimo
1026 977 1299 1026 yubematore
1317 978 1467 1017 utitur.

178 1052 208 1091 1.
245 1053 310 1093 13.
365 1057 517 1095 tenere
545 1066 734 1102 cursum,
768 1058 837 1095 ‘to
876 1056 980 1107 keep
1019 1069 1075 1097 on
1113 1056 1183 1096 his
1216 1059 1392 1105 course,’
1427 1060 1530 1098 ‘not
1561 1061 1607 1098 to

102 1118 255 1146 swerve
275 1107 385 1146 from
405 1121 430 1147 a
451 1109 659 1149 direction
680 1123 784 1150 once
811 1110 1074 1150 determined
1095 1111 1180 1158 on,'
1201 1124 1227 1151 a
1249 1111 1476 1162 metaphor
1495 1113 1606 1152 from

99 1161 373 1211 navigation:
405 1174 473 1202 see
499 1176 542 1202 11.
572 1166 618 1202 to
649 1176 708 1204 or.
737 1176 779 1215 p.
809 1165 957 1205 Planc.
989 1168 1011 1216 ἓ
1041 1167 1093 1206 52
1123 1166 1153 1206 1.
1181 1166 1246 1213 18,
1275 1166 1363 1207 and
1388 1168 1440 1208 cf.
1471 1167 1605 1208 below

100 1215 216 1264 §101
237 1215 266 1255 1.
289 1217 353 1263 11,
376 1216 427 1256 de
447 1220 553 1257 orat.
575 1219 597 1257 1
619 1220 640 1267 ξ
663 1219 700 1258 1.

179 1310 334 1348 capere
427 1305 620 1349 portum,
679 1301 832 1342 ‘reach
892 1301 966 1343 the
1016 1302 1188 1352 haven‚’
1240 1303 1399 1344 Caesar
1453 1303 1504 1344 B.
1551 1304 1605 1344 G.

99 1363 144 1392 1v
169 1364 204 1392 0.
242 1354 293 1394 36
325 1367 375 1394 ex
410 1356 466 1394 iis
494 1357 710 1395 onerariae
745 1358 850 1396 duae
882 1358 1052 1403 eosdem,
1087 1370 1185 1408 quos
1222 1360 1392 1408 reliqui,
1425 1364 1606 1410 portus

99 1419 269 1458 capere
298 1421 381 1448 non
403 1415 643 1459 potuerunt,
672 1410 729 1449 ib.
762 1412 813 1451 26
840 1413 997 1463 equites
1026 1417 1188 1452 cursum
1218 1418 1352 1453 tenere
1380 1418 1506 1464 atque
1534 1415 1604 1453 in-

98 1463 257 1501 sulam
285 1475 462 1514 capere
490 1470 825 1515 nonpotuerant.

178 1558 200 1606 §
227 1561 314 1605 100,
338 1557 367 1596 1.
397 1557 462 1596 14.
518 1561 558 1598 si
584 1563 996 1607 negem—mentiar,
1028 1559 1090 1600 ‘if
1115 1560 1138 1600 1
1160 1572 1267 1601 were
1295 1563 1342 1600 to
1366 1560 1479 1611 deny
1502 1561 1551 1611 it,
1582 1562 1604 1601 I

99 1608 253 1649 should
295 1611 375 1651 'tell
420 1624 475 1650 an
494 1613 706 1652 untruth.'
762 1613 935 1664 Madvig
956 1614 1029 1654 Gr.
1050 1617 1071 1664 ἕ
1092 1616 1170 1655 346
1191 1615 1232 1661 b,
1254 1615 1348 1654 who
1377 1617 1528 1665 quotes
1553 1615 1606 1656 de

97 1675 182 1704 am.
205 1666 226 1714 ἓ
249 1665 299 1703 10
313 1678 385 1716 eqo
403 1667 442 1705 si
456 1667 665 1717 Scipionis
681 1669 883 1707 desiderio
898 1682 959 1707 me
971 1671 1125 1709 moveri
1138 1681 1195 1708 ne
1201 1676 1464 1720 9em...certe
1482 1683 1603 1710 men·

99 1719 214 1765 tiar,
249 1718 332 1758 add
359 1719 411 1759 de
440 1724 547 1760 orat.
575 1733 592 1760 1
621 1724 642 1771 ξ
667 1722 743 1761 145
764 1735 888 1773 quam
907 1735 979 1773 eqo
1002 1725 1040 1763 si
1065 1725 1178 1764 nihil
1199 1725 1365 1764 dicam
1384 1725 1601 1771 adiuvare,

98 1774 327 1815 mentiar.

176 1852 204 1893 l.
229 1853 292 1895 15.
351 1857 645 1902 periculorum
672 1859 752 1895 aut
783 1857 1062 1907 insidiarum]
1093 1868 1160 1896 see
1181 1868 1225 1896 n.
1257 1869 1314 1897 on
1337 1859 1359 1907 §
1390 1858 1441 1897 31
1470 1858 1498 1899 l.
1525 1860 1601 1898 32:

96 1905 495 2003 gagetssgesffnltszrgce
514 1913 590 1949 not
611 1908 718 1948 been
734 1909 929 1960 negative
945 1910 1022 1951 but
1038 1911 1303 1962 affirmative,
1324 1918 1449 1963 atque
1465 1913 1603 1953 would

175 2042 204 2084 1.
230 2043 295 2084 17.
350 2048 529 2092 praeter
564 2049 732 2086 ceteros
769 2049 991 2096 senserim,
1039 2044 1174 2087 ‘have
1205 2045 1347 2088 learnt
1384 2045 1440 2100 by
1478 2059 1600 2099 expe-

97 2095 238 2137 rience
258 2109 375 2138 more
395 2098 503 2138 than
522 2099 666 2139 others
685 2099 793 2140 have
813 2100 952 2140 done.'

610 2283 879 2324 CHAPTER
912 2284 1072 2326 XLVII

175 2389 204 2429 1.
229 2390 296 2429 20.
368 2396 494 2438 nutu,
528 2396 538 2415 ‘
553 2391 658 2431 with
678 2405 703 2432 a
723 2405 838 2433 mere
864 2393 978 2441 nod,’
1010 2395 1111 2436 ‘the
1132 2396 1326 2437 smallest
1350 2399 1598 2450 expression

98 2443 145 2482 of
173 2444 387 2485 another's
418 2446 532 2487 will.'
590 2446 715 2488 Tusa.
750 2459 783 2486 11
815 2451 836 2498 ἓ
874 2449 925 2488 51
964 2455 1092 2490 nutu
1121 2453 1230 2502 quod
1261 2454 1370 2492 volet
1399 2455 1597 2506 conficiet,

97 2498 212 2537 nullo
232 2498 380 2546 labore,
401 2501 521 2539 nulla
532 2502 732 2550 molestia,
757 2501 808 2541 de
824 2514 884 2542 or.
898 2514 915 2542 1
934 2505 955 2553 ἓ
971 2504 1022 2543 31
1042 2511 1167 2544 nutu
1195 2511 1321 2556 atque
1339 2509 1459 2547 verbo
1481 2509 1598 2547 liber-

100 2552 206 2590 tinos
224 2552 271 2591 in
288 2554 469 2593 urbanae
490 2555 620 2594 tribus
643 2557 872 2603 transtulit,
889 2555 947 2596 ib.
969 2559 990 2607 ἓ
1011 2558 1090 2599 194
1106 2562 1359 2600 auctoritate
1376 2567 1599 2613 nutuque

100 2610 246 2659 legum.
301 2607 366 2650 cf.
385 2609 516 2650 below
535 2612 556 2660 ς
577 2612 628 2650 20
645 2613 764 2651 vultu
787 2614 798 2634 ‘
814 2612 870 2663 by
889 2614 1052 2665 merely
1073 2625 1098 2654 a
1115 2614 1244 2655 look.’

177 2691 204 2732 1.
230 2690 296 2730 21.
351 2695 496 2734 nescio
523 2704 608 2741 quo
627 2697 768 2741 modo,
794 2694 910 2734 ‘alas
931 2695 964 2736 ε’
987 2701 996 2719 ‘
1012 2697 1368 2749 unfortunately‚'
1390 2709 1457 2739 see
1484 2711 1527 2739 n.
1549 2701 1595 2740 to

98 2745 148 2785 de
168 2746 239 2786 off.
261 2745 284 2784 1
304 2747 326 2796 5
346 2746 424 2786 146
443 2747 472 2787 1.
493 2747 533 2799 5,
556 2759 616 2787 or.
637 2760 678 2799 p.
700 2748 851 2792 Plane.
868 2751 890 2799 ξ
910 2751 961 2789 83
980 2749 1009 2790 1.
1031 2751 1070 2791 4.
