<?xml version="1.0" encoding="UTF-8"?>
<!DOCTYPE html PUBLIC "-//W3C//DTD XHTML 1.0 Transitional//EN"
    "http://www.w3.org/TR/xhtml1/DTD/xhtml1-transitional.dtd">
<html xmlns="http://www.w3.org/1999/xhtml" xml:lang="en" lang="en">
 <head>
  <title>
</title>
<meta http-equiv="Content-Type" content="text/html;charset=utf-8" />
  <meta name='ocr-system' content='tesseract 3.04.00' />
  <meta name='ocr-capabilities' content='ocr_page ocr_carea ocr_par ocr_line ocrx_word'/>
</head>
<body>
  <div class='ocr_page' id='page_1' title='image "./propubliosestioo00ciceuoft/propubliosestioo00ciceuoft_0056.png"; bbox 0 0 1812 2950; ppageno 0'>
   <div class='ocr_carea' id='block_1_1' title="bbox 182 125 1315 176">
    <p class='ocr_par' dir='ltr' id='par_1_1' title="bbox 182 125 1315 176">
     <span class='ocr_line' id='line_1_1' title="bbox 182 125 1315 176; baseline 0.002 -3"><span class='ocrx_word' id='word_1_1' title='bbox 182 128 242 173; x_wconf 88' lang='lat'>22</span> <span class='ocrx_word' id='word_1_2' title='bbox 544 125 616 174; x_wconf 85' lang='lat' dir='ltr'>M.</span> <span class='ocrx_word' id='word_1_3' title='bbox 668 126 883 175; x_wconf 77' lang='lat' dir='ltr'><em>TULLI</em></span> <span class='ocrx_word' id='word_1_4' title='bbox 929 126 1315 176; x_wconf 79' lang='lat' dir='ltr'><em>CICERONIS</em></span> 
     </span>
    </p>
   </div>
   <div class='ocr_carea' id='block_1_2' title="bbox 94 222 1795 2812">
    <p class='ocr_par' dir='ltr' id='par_1_2' title="bbox 180 222 1722 715">
     <span class='ocr_line' id='line_1_2' title="bbox 183 222 1675 314; baseline 0.002 -16"><span class='ocrx_word' id='word_1_5' title='bbox 183 251 327 298; x_wconf 86' lang='lat' dir='ltr'>multi</span> <span class='ocrx_word' id='word_1_6' title='bbox 359 267 423 299; x_wconf 86' lang='lat' dir='ltr'>ex</span> <span class='ocrx_word' id='word_1_7' title='bbox 456 252 627 298; x_wconf 90' lang='lat' dir='ltr'>multis</span> <span class='ocrx_word' id='word_1_8' title='bbox 658 251 777 299; x_wconf 90' lang='lat' dir='ltr'>locis</span> <span class='ocrx_word' id='word_1_9' title='bbox 807 251 1074 314; x_wconf 85' lang='lat' dir='ltr'>praedones</span> <span class='ocrx_word' id='word_1_10' title='bbox 1102 222 1335 300; x_wconf 73' lang='lat' dir='ltr'>classibus</span> <span class='ocrx_word' id='word_1_11' title='bbox 1371 269 1477 300; x_wconf 89' lang='lat' dir='ltr'>eam</span> <span class='ocrx_word' id='word_1_12' title='bbox 1500 270 1675 301; x_wconf 77' lang='lat' dir='ltr'>navem</span> 
     </span>
     <span class='ocr_line' id='line_1_3' title="bbox 182 332 1675 395; baseline 0.003 -16"><span class='ocrx_word' id='word_1_13' title='bbox 182 348 232 379; x_wconf 89' lang='lat' dir='ltr'>se</span> <span class='ocrx_word' id='word_1_14' title='bbox 266 348 577 395; x_wconf 81' lang='lat' dir='ltr'>oppressuros</span> <span class='ocrx_word' id='word_1_15' title='bbox 611 332 976 391; x_wconf 72' lang='lat' dir='ltr'>minitarentur,</span> <span class='ocrx_word' id='word_1_16' title='bbox 1001 332 1099 380; x_wconf 87' lang='lat' dir='ltr'>nisi</span> <span class='ocrx_word' id='word_1_17' title='bbox 1125 348 1204 380; x_wconf 92' lang='lat' dir='ltr'>me</span> <span class='ocrx_word' id='word_1_18' title='bbox 1235 350 1391 381; x_wconf 91' lang='lat' dir='ltr'>unum</span> <span class='ocrx_word' id='word_1_19' title='bbox 1425 335 1520 382; x_wconf 89' lang='lat' dir='ltr'>sibi</span> <span class='ocrx_word' id='word_1_20' title='bbox 1547 335 1675 382; x_wconf 81' lang='lat' dir='ltr'>dedi-</span> 
     </span>
     <span class='ocr_line' id='line_1_4' title="bbox 181 400 1678 474; baseline 0.001 -15"><span class='ocrx_word' id='word_1_21' title='bbox 181 413 380 471; x_wconf 89' lang='lat' dir='ltr'>dissent,</span> <span class='ocrx_word' id='word_1_22' title='bbox 428 412 473 460; x_wconf 89' lang='lat' dir='ltr'>si</span> <span class='ocrx_word' id='word_1_23' title='bbox 518 412 570 458; x_wconf 91' lang='lat' dir='ltr'>id</span> <span class='ocrx_word' id='word_1_24' title='bbox 625 400 846 466; x_wconf 45' lang='lat' dir='ltr'>*scedras</span> <span class='ocrx_word' id='word_1_25' title='bbox 892 418 1129 474; x_wconf 74' lang='lat' dir='ltr'>negarent</span> <span class='ocrx_word' id='word_1_26' title='bbox 1174 430 1229 460; x_wconf 92' lang='lat' dir='ltr'>ac</span> <span class='ocrx_word' id='word_1_27' title='bbox 1286 430 1474 460; x_wconf 89' lang='lat' dir='ltr'>mecum</span> <span class='ocrx_word' id='word_1_28' title='bbox 1531 415 1678 461; x_wconf 91' lang='lat' dir='ltr'>simul</span> 
     </span>
     <span class='ocr_line' id='line_1_5' title="bbox 180 491 1678 555; baseline 0.003 -17"><span class='ocrx_word' id='word_1_29' title='bbox 180 492 383 539; x_wconf 88' lang='lat' dir='ltr'>interire</span> <span class='ocrx_word' id='word_1_30' title='bbox 421 507 571 554; x_wconf 89' lang='lat' dir='ltr'>quam</span> <span class='ocrx_word' id='word_1_31' title='bbox 603 507 682 538; x_wconf 90' lang='lat' dir='ltr'>me</span> <span class='ocrx_word' id='word_1_32' title='bbox 716 491 909 538; x_wconf 79' lang='lat' dir='ltr'>tradere</span> <span class='ocrx_word' id='word_1_33' title='bbox 943 491 1166 540; x_wconf 86' lang='lat' dir='ltr'>hostibus</span> <span class='ocrx_word' id='word_1_34' title='bbox 1201 493 1420 555; x_wconf 88' lang='lat' dir='ltr'>mallent,</span> <span class='ocrx_word' id='word_1_35' title='bbox 1461 494 1678 542; x_wconf 89' lang='lat' dir='ltr'>iecissem</span> 
     </span>
     <span class='ocr_line' id='line_1_6' title="bbox 180 571 1722 634; baseline 0.002 -16"><span class='ocrx_word' id='word_1_36' title='bbox 180 572 284 634; x_wconf 90' lang='lat' dir='ltr'>ipse</span> <span class='ocrx_word' id='word_1_37' title='bbox 317 587 396 618; x_wconf 89' lang='lat' dir='ltr'>me</span> <span class='ocrx_word' id='word_1_38' title='bbox 418 571 583 633; x_wconf 88' lang='lat' dir='ltr'>potius</span> <span class='ocrx_word' id='word_1_39' title='bbox 610 571 663 617; x_wconf 89' lang='lat' dir='ltr'>in</span> <span class='ocrx_word' id='word_1_40' title='bbox 693 571 1005 632; x_wconf 87' lang='lat' dir='ltr'>profundum,</span> <span class='ocrx_word' id='word_1_41' title='bbox 1031 577 1090 619; x_wconf 86' lang='lat' dir='ltr'>ut</span> <span class='ocrx_word' id='word_1_42' title='bbox 1112 578 1295 620; x_wconf 86' lang='lat' dir='ltr'>ceteros</span> <span class='ocrx_word' id='word_1_43' title='bbox 1324 588 1672 633; x_wconf 78' lang='lat' dir='ltr'>conservarem,</span> <span class='ocrx_word' id='word_1_44' title='bbox 1701 589 1722 621; x_wconf 77' lang='lat'><strong>6</strong></span> 
     </span>
     <span class='ocr_line' id='line_1_7' title="bbox 181 651 1679 715; baseline 0.001 -17"><span class='ocrx_word' id='word_1_45' title='bbox 181 667 329 715; x_wconf 87' lang='lat' dir='ltr'>quam</span> <span class='ocrx_word' id='word_1_46' title='bbox 361 651 472 699; x_wconf 89' lang='lat' dir='ltr'>illos</span> <span class='ocrx_word' id='word_1_47' title='bbox 502 651 600 698; x_wconf 90' lang='lat' dir='ltr'>mei</span> <span class='ocrx_word' id='word_1_48' title='bbox 621 655 724 698; x_wconf 83' lang='lat' dir='ltr'>tam</span> <span class='ocrx_word' id='word_1_49' title='bbox 748 651 949 714; x_wconf 90' lang='lat' dir='ltr'>cupidos</span> <span class='ocrx_word' id='word_1_50' title='bbox 970 668 1071 700; x_wconf 92' lang='lat' dir='ltr'>non</span> <span class='ocrx_word' id='word_1_51' title='bbox 1100 653 1244 700; x_wconf 91' lang='lat' dir='ltr'>modo</span> <span class='ocrx_word' id='word_1_52' title='bbox 1267 653 1329 700; x_wconf 89' lang='lat' dir='ltr'>ad</span> <span class='ocrx_word' id='word_1_53' title='bbox 1343 658 1533 700; x_wconf 75' lang='lat' dir='ltr'>certam</span> <span class='ocrx_word' id='word_1_54' title='bbox 1555 670 1679 700; x_wconf 87' lang='lat' dir='ltr'>mor·</span> 
     </span>
    </p>

    <p class='ocr_par' dir='ltr' id='par_1_3' title="bbox 94 731 1793 1925">
     <span class='ocr_line' id='line_1_8' title="bbox 94 731 1679 794; baseline 0.001 -15"><span class='ocrx_word' id='word_1_55' title='bbox 94 732 154 779; x_wconf 79' lang='lat'>46</span> <span class='ocrx_word' id='word_1_56' title='bbox 178 737 294 792; x_wconf 90' lang='lat' dir='ltr'>tem,</span> <span class='ocrx_word' id='word_1_57' title='bbox 319 732 440 780; x_wconf 89' lang='lat' dir='ltr'>sed</span> <span class='ocrx_word' id='word_1_58' title='bbox 426 748 480 778; x_wconf 91' lang='grc'>111</span> <span class='ocrx_word' id='word_1_59' title='bbox 502 747 736 794; x_wconf 88' lang='lat' dir='ltr'>magnum</span> <span class='ocrx_word' id='word_1_60' title='bbox 760 733 893 779; x_wconf 89' lang='lat' dir='ltr'>vitae</span> <span class='ocrx_word' id='word_1_61' title='bbox 917 731 1178 779; x_wconf 79' lang='lat' dir='ltr'>discrimen</span> <span class='ocrx_word' id='word_1_62' title='bbox 1200 732 1504 782; x_wconf 85' lang='lat' dir='ltr'>adducerem.</span> <span class='ocrx_word' id='word_1_63' title='bbox 1555 733 1679 781; x_wconf 80' lang='lat' dir='ltr'>Cum</span> 
     </span>
     <span class='ocr_line' id='line_1_9' title="bbox 186 811 1679 876; baseline 0.001 -18"><span class='ocrx_word' id='word_1_64' title='bbox 186 827 301 859; x_wconf 87' lang='lat' dir='ltr'>vero</span> <span class='ocrx_word' id='word_1_65' title='bbox 323 811 379 858; x_wconf 86' lang='lat' dir='ltr'>in</span> <span class='ocrx_word' id='word_1_66' title='bbox 402 812 529 859; x_wconf 89' lang='lat' dir='ltr'>hanc</span> <span class='ocrx_word' id='word_1_67' title='bbox 551 811 626 858; x_wconf 91' lang='lat' dir='ltr'>rei</span> <span class='ocrx_word' id='word_1_68' title='bbox 646 811 869 875; x_wconf 88' lang='lat' dir='ltr'>publicae</span> <span class='ocrx_word' id='word_1_69' title='bbox 891 827 1068 858; x_wconf 85' lang='lat' dir='ltr'>navem</span> <span class='ocrx_word' id='word_1_70' title='bbox 1083 812 1264 875; x_wconf 87' lang='lat' dir='ltr'>ereptis</span> <span class='ocrx_word' id='word_1_71' title='bbox 1288 813 1484 860; x_wconf 88' lang='lat' dir='ltr'>senatui</span> <span class='ocrx_word' id='word_1_72' title='bbox 1506 814 1679 876; x_wconf 86' lang='lat' dir='ltr'>guber-</span> 
     </span>
     <span class='ocr_line' id='line_1_10' title="bbox 186 893 1682 956; baseline 0 -16"><span class='ocrx_word' id='word_1_73' title='bbox 186 893 373 940; x_wconf 89' lang='lat' dir='ltr'>naculis</span> <span class='ocrx_word' id='word_1_74' title='bbox 394 893 711 941; x_wconf 87' lang='lat' dir='ltr'>fluitantem</span> <span class='ocrx_word' id='word_1_75' title='bbox 697 910 752 940; x_wconf 90' lang='grc'>111</span> <span class='ocrx_word' id='word_1_76' title='bbox 774 893 876 940; x_wconf 90' lang='lat' dir='ltr'>alto</span> <span class='ocrx_word' id='word_1_77' title='bbox 898 894 1275 956; x_wconf 85' lang='lat' dir='ltr'>tempestatibus</span> <span class='ocrx_word' id='word_1_78' title='bbox 1306 894 1604 942; x_wconf 85' lang='lat' dir='ltr'>seditionum</span> <span class='ocrx_word' id='word_1_79' title='bbox 1626 911 1682 941; x_wconf 88' lang='lat' dir='ltr'>ac</span> 
     </span>
     <span class='ocr_line' id='line_1_11' title="bbox 185 975 1791 1038; baseline 0.001 -16"><span class='ocrx_word' id='word_1_80' title='bbox 185 975 537 1023; x_wconf 80' lang='lat' dir='ltr'>discordiarum</span> <span class='ocrx_word' id='word_1_81' title='bbox 561 979 777 1023; x_wconf 85' lang='lat' dir='ltr'>armatae</span> <span class='ocrx_word' id='word_1_82' title='bbox 804 981 881 1023; x_wconf 88' lang='lat' dir='ltr'>tot</span> <span class='ocrx_word' id='word_1_83' title='bbox 915 976 1103 1035; x_wconf 88' lang='lat' dir='ltr'>classes,</span> <span class='ocrx_word' id='word_1_84' title='bbox 1129 977 1226 1023; x_wconf 84' lang='lat' dir='ltr'>nisi</span> <span class='ocrx_word' id='word_1_85' title='bbox 1257 993 1344 1038; x_wconf 88' lang='lat' dir='ltr'>ego</span> <span class='ocrx_word' id='word_1_86' title='bbox 1379 992 1533 1024; x_wconf 88' lang='lat' dir='ltr'>essem</span> <span class='ocrx_word' id='word_1_87' title='bbox 1555 993 1684 1024; x_wconf 91' lang='lat' dir='ltr'>unus</span> <span class='ocrx_word' id='word_1_88' title='bbox 1711 992 1750 1023; x_wconf 84' lang='grc' dir='ltr'>1ο</span> <span class='ocrx_word' id='word_1_89' title='bbox 1790 1003 1791 1007; x_wconf 62' lang='lat'><em>=</em></span> 
     </span>
     <span class='ocr_line' id='line_1_12' title="bbox 186 1057 1679 1144; baseline 0.001 -40"><span class='ocrx_word' id='word_1_90' title='bbox 186 1057 432 1117; x_wconf 88' lang='lat' dir='ltr'>deditus,</span> <span class='ocrx_word' id='word_1_91' title='bbox 417 1072 704 1144; x_wconf 76' lang='lat' dir='ltr'>incursurae</span> <span class='ocrx_word' id='word_1_92' title='bbox 723 1057 1023 1117; x_wconf 83' lang='lat' dir='ltr'>viderentur,</span> <span class='ocrx_word' id='word_1_93' title='bbox 1041 1073 1152 1104; x_wconf 92' lang='grc'>011111</span> <span class='ocrx_word' id='word_1_94' title='bbox 1175 1057 1479 1120; x_wconf 85' lang='lat' dir='ltr'>proscriptio,</span> <span class='ocrx_word' id='word_1_95' title='bbox 1498 1057 1679 1116; x_wconf 77' lang='lat' dir='ltr'>caedeS,</span> 
     </span>
     <span class='ocr_line' id='line_1_13' title="bbox 187 1106 1684 1201; baseline 0.001 -16"><span class='ocrx_word' id='word_1_96' title='bbox 187 1137 397 1200; x_wconf 87' lang='lat' dir='ltr'>direptio</span> <span class='ocrx_word' id='word_1_97' title='bbox 419 1106 809 1196; x_wconf 71' lang='lat' dir='ltr'>deiiiifltia&#39;retur,</span> <span class='ocrx_word' id='word_1_98' title='bbox 838 1154 950 1185; x_wconf 91' lang='lat' dir='ltr'>cum</span> <span class='ocrx_word' id='word_1_99' title='bbox 971 1138 1061 1185; x_wconf 88' lang='lat' dir='ltr'>alii</span> <span class='ocrx_word' id='word_1_100' title='bbox 1081 1154 1160 1184; x_wconf 87' lang='lat' dir='ltr'>me</span> <span class='ocrx_word' id='word_1_101' title='bbox 1184 1139 1458 1201; x_wconf 89' lang='lat' dir='ltr'>suspicione</span> <span class='ocrx_word' id='word_1_102' title='bbox 1482 1139 1684 1201; x_wconf 89' lang='lat' dir='ltr'>periculi</span> 
     </span>
     <span class='ocr_line' id='line_1_14' title="bbox 188 1219 1683 1278; baseline 0.001 -12"><span class='ocrx_word' id='word_1_103' title='bbox 188 1219 267 1267; x_wconf 88' lang='lat' dir='ltr'>sui</span> <span class='ocrx_word' id='word_1_104' title='bbox 300 1235 401 1266; x_wconf 89' lang='lat' dir='ltr'>non</span> <span class='ocrx_word' id='word_1_105' title='bbox 435 1219 765 1278; x_wconf 86' lang='lat' dir='ltr'>defenderent,</span> <span class='ocrx_word' id='word_1_106' title='bbox 791 1220 878 1266; x_wconf 87' lang='lat' dir='ltr'>alii</span> <span class='ocrx_word' id='word_1_107' title='bbox 912 1225 1079 1267; x_wconf 83' lang='lat' dir='ltr'>vetere</span> <span class='ocrx_word' id='word_1_108' title='bbox 1110 1220 1222 1267; x_wconf 91' lang='lat' dir='ltr'>odio</span> <span class='ocrx_word' id='word_1_109' title='bbox 1248 1220 1526 1267; x_wconf 92' lang='lat' dir='ltr'>bonorum</span> <span class='ocrx_word' id='word_1_110' title='bbox 1513 1221 1683 1267; x_wconf 83' lang='lat' dir='ltr'>incita-</span> 
     </span>
     <span class='ocr_line' id='line_1_15' title="bbox 188 1298 1686 1360; baseline 0.001 -15"><span class='ocrx_word' id='word_1_111' title='bbox 188 1303 374 1360; x_wconf 87' lang='lat' dir='ltr'>rentur,</span> <span class='ocrx_word' id='word_1_112' title='bbox 412 1299 499 1346; x_wconf 89' lang='lat' dir='ltr'>alii</span> <span class='ocrx_word' id='word_1_113' title='bbox 543 1298 840 1359; x_wconf 66' lang='lat' dir='ltr'>inviderent,</span> <span class='ocrx_word' id='word_1_114' title='bbox 877 1300 965 1345; x_wconf 89' lang='lat' dir='ltr'>alii</span> <span class='ocrx_word' id='word_1_115' title='bbox 1001 1300 1194 1347; x_wconf 88' lang='lat' dir='ltr'>obstare</span> <span class='ocrx_word' id='word_1_116' title='bbox 1234 1300 1328 1347; x_wconf 90' lang='lat' dir='ltr'>sibi</span> <span class='ocrx_word' id='word_1_117' title='bbox 1367 1316 1444 1347; x_wconf 91' lang='lat' dir='ltr'>me</span> <span class='ocrx_word' id='word_1_118' title='bbox 1485 1301 1686 1347; x_wconf 87' lang='lat' dir='ltr'>arbitra-</span> 
     </span>
     <span class='ocr_line' id='line_1_16' title="bbox 189 1368 1793 1443; baseline 0.001 -17"><span class='ocrx_word' id='word_1_119' title='bbox 189 1386 377 1440; x_wconf 88' lang='lat' dir='ltr'>rentur,</span> <span class='ocrx_word' id='word_1_120' title='bbox 403 1379 491 1426; x_wconf 90' lang='lat' dir='ltr'>alii</span> <span class='ocrx_word' id='word_1_121' title='bbox 513 1379 682 1426; x_wconf 87' lang='lat' dir='ltr'>ulcisci</span> <span class='ocrx_word' id='word_1_122' title='bbox 705 1379 920 1426; x_wconf 89' lang='lat' dir='ltr'>dolorem</span> <span class='ocrx_word' id='word_1_123' title='bbox 951 1368 1165 1443; x_wconf 85' lang='lat' dir='ltr'>aliquem</span> <span class='ocrx_word' id='word_1_124' title='bbox 1198 1396 1343 1427; x_wconf 92' lang='lat' dir='ltr'>suum</span> <span class='ocrx_word' id='word_1_125' title='bbox 1376 1382 1572 1440; x_wconf 88' lang='lat' dir='ltr'>vellent,</span> <span class='ocrx_word' id='word_1_126' title='bbox 1599 1382 1684 1428; x_wconf 87' lang='lat' dir='ltr'>alii</span> <span class='ocrx_word' id='word_1_127' title='bbox 1716 1398 1754 1428; x_wconf 86' lang='lat'>15</span> <span class='ocrx_word' id='word_1_128' title='bbox 1791 1398 1793 1404; x_wconf 62' lang='lat'><strong><em>⁴</em></strong></span> 
     </span>
     <span class='ocr_line' id='line_1_17' title="bbox 189 1459 1683 1522; baseline 0.001 -16"><span class='ocrx_word' id='word_1_129' title='bbox 189 1476 292 1506; x_wconf 93' lang='lat' dir='ltr'>rem</span> <span class='ocrx_word' id='word_1_130' title='bbox 337 1459 493 1522; x_wconf 88' lang='lat' dir='ltr'>ipsam</span> <span class='ocrx_word' id='word_1_131' title='bbox 550 1459 796 1522; x_wconf 87' lang='lat' dir='ltr'>publicam</span> <span class='ocrx_word' id='word_1_132' title='bbox 842 1465 990 1522; x_wconf 89' lang='lat' dir='ltr'>atque</span> <span class='ocrx_word' id='word_1_133' title='bbox 1035 1460 1168 1508; x_wconf 88' lang='lat' dir='ltr'>hunc</span> <span class='ocrx_word' id='word_1_134' title='bbox 1214 1462 1452 1508; x_wconf 88' lang='lat' dir='ltr'>bonorum</span> <span class='ocrx_word' id='word_1_135' title='bbox 1499 1467 1683 1509; x_wconf 82' lang='lat' dir='ltr'>statum</span> 
     </span>
     <span class='ocr_line' id='line_1_18' title="bbox 190 1540 1685 1604; baseline 0.001 -16"><span class='ocrx_word' id='word_1_136' title='bbox 190 1541 442 1603; x_wconf 90' lang='lat' dir='ltr'>otiumque</span> <span class='ocrx_word' id='word_1_137' title='bbox 465 1540 681 1587; x_wconf 88' lang='lat' dir='ltr'>odissent</span> <span class='ocrx_word' id='word_1_138' title='bbox 704 1545 755 1587; x_wconf 91' lang='lat' dir='ltr'>et</span> <span class='ocrx_word' id='word_1_139' title='bbox 778 1541 839 1586; x_wconf 93' lang='lat' dir='ltr'>ob</span> <span class='ocrx_word' id='word_1_140' title='bbox 858 1540 1000 1587; x_wconf 85' lang='lat' dir='ltr'>hasce</span> <span class='ocrx_word' id='word_1_141' title='bbox 1023 1556 1191 1587; x_wconf 86' lang='lat' dir='ltr'>causas</span> <span class='ocrx_word' id='word_1_142' title='bbox 1213 1546 1290 1588; x_wconf 86' lang='lat' dir='ltr'>tot</span> <span class='ocrx_word' id='word_1_143' title='bbox 1306 1546 1506 1604; x_wconf 88' lang='lat' dir='ltr'>tamque</span> <span class='ocrx_word' id='word_1_144' title='bbox 1524 1543 1685 1589; x_wconf 82' lang='lat' dir='ltr'>varias</span> 
     </span>
     <span class='ocr_line' id='line_1_19' title="bbox 192 1620 1686 1683; baseline 0.001 -15"><span class='ocrx_word' id='word_1_145' title='bbox 192 1636 269 1668; x_wconf 89' lang='lat' dir='ltr'>me</span> <span class='ocrx_word' id='word_1_146' title='bbox 292 1636 447 1667; x_wconf 87' lang='lat' dir='ltr'>unum</span> <span class='ocrx_word' id='word_1_147' title='bbox 467 1620 798 1682; x_wconf 87' lang='lat' dir='ltr'>deposcerent,</span> <span class='ocrx_word' id='word_1_148' title='bbox 834 1620 1163 1683; x_wconf 85' lang='lat' dir='ltr'>depugnarem</span> <span class='ocrx_word' id='word_1_149' title='bbox 1184 1621 1348 1683; x_wconf 89' lang='lat' dir='ltr'>potius</span> <span class='ocrx_word' id='word_1_150' title='bbox 1366 1638 1478 1668; x_wconf 94' lang='lat' dir='ltr'>cum</span> <span class='ocrx_word' id='word_1_151' title='bbox 1497 1638 1686 1669; x_wconf 91' lang='lat' dir='ltr'>summo</span> 
     </span>
     <span class='ocr_line' id='line_1_20' title="bbox 193 1701 1685 1764; baseline 0 -15"><span class='ocrx_word' id='word_1_152' title='bbox 193 1718 292 1749; x_wconf 88' lang='lat' dir='ltr'>non</span> <span class='ocrx_word' id='word_1_153' title='bbox 315 1701 474 1749; x_wconf 89' lang='lat' dir='ltr'>dicam</span> <span class='ocrx_word' id='word_1_154' title='bbox 497 1701 663 1760; x_wconf 80' lang='lat' dir='ltr'>exitio,</span> <span class='ocrx_word' id='word_1_155' title='bbox 690 1701 775 1748; x_wconf 88' lang='lat' dir='ltr'>sed</span> <span class='ocrx_word' id='word_1_156' title='bbox 807 1701 1022 1764; x_wconf 87' lang='lat' dir='ltr'>periculo</span> <span class='ocrx_word' id='word_1_157' title='bbox 1047 1708 1176 1749; x_wconf 89' lang='lat' dir='ltr'>certe</span> <span class='ocrx_word' id='word_1_158' title='bbox 1207 1707 1371 1750; x_wconf 84' lang='lat' dir='ltr'>vestro</span> <span class='ocrx_word' id='word_1_159' title='bbox 1402 1703 1685 1750; x_wconf 91' lang='lat' dir='ltr'>liberorum-</span> 
     </span>
     <span class='ocr_line' id='line_1_21' title="bbox 193 1781 1757 1846; baseline 0.001 -17"><span class='ocrx_word' id='word_1_160' title='bbox 193 1798 287 1845; x_wconf 89' lang='lat' dir='ltr'>que</span> <span class='ocrx_word' id='word_1_161' title='bbox 321 1787 610 1840; x_wconf 85' lang='lat' dir='ltr'>vestrorum,</span> <span class='ocrx_word' id='word_1_162' title='bbox 648 1797 795 1844; x_wconf 90' lang='lat' dir='ltr'>quam</span> <span class='ocrx_word' id='word_1_163' title='bbox 830 1781 896 1840; x_wconf 92' lang='lat' dir='ltr'>id,</span> <span class='ocrx_word' id='word_1_164' title='bbox 930 1782 1060 1844; x_wconf 93' lang='lat' dir='ltr'>quod</span> <span class='ocrx_word' id='word_1_165' title='bbox 1095 1783 1324 1830; x_wconf 89' lang='lat' dir='ltr'>omnibus</span> <span class='ocrx_word' id='word_1_166' title='bbox 1358 1784 1685 1846; x_wconf 85' lang='lat' dir='ltr'>impendebat,</span> <span class='ocrx_word' id='word_1_167' title='bbox 1715 1800 1757 1831; x_wconf 83' lang='lat'>20</span> 
     </span>
     <span class='ocr_line' id='line_1_22' title="bbox 192 1862 1342 1925; baseline 0.001 -16"><span class='ocrx_word' id='word_1_168' title='bbox 192 1878 320 1910; x_wconf 91' lang='lat' dir='ltr'>unus</span> <span class='ocrx_word' id='word_1_169' title='bbox 342 1878 430 1925; x_wconf 91' lang='lat' dir='ltr'>pro</span> <span class='ocrx_word' id='word_1_170' title='bbox 454 1862 681 1909; x_wconf 89' lang='lat' dir='ltr'>omnibus</span> <span class='ocrx_word' id='word_1_171' title='bbox 704 1862 995 1924; x_wconf 88' lang='lat' dir='ltr'>susciperem</span> <span class='ocrx_word' id='word_1_172' title='bbox 1017 1879 1072 1909; x_wconf 81' lang='lat' dir='ltr'>ac</span> <span class='ocrx_word' id='word_1_173' title='bbox 1096 1863 1342 1910; x_wconf 66' lang='lat' dir='ltr'>subirem?</span> 
     </span>
    </p>

    <p class='ocr_par' dir='ltr' id='par_1_4' title="bbox 104 1941 1794 2812">
     <span class='ocr_line' id='line_1_23' title="bbox 104 1941 1686 2005; baseline 0.001 -15"><span class='ocrx_word' id='word_1_174' title='bbox 104 1942 164 1990; x_wconf 80' lang='lat'>47</span> <span class='ocrx_word' id='word_1_175' title='bbox 289 1941 441 1990; x_wconf 90' lang='lat' dir='ltr'>XXI.</span> <span class='ocrx_word' id='word_1_176' title='bbox 506 1942 667 1988; x_wconf 89' lang='lat' dir='ltr'>‘Victi</span> <span class='ocrx_word' id='word_1_177' title='bbox 690 1947 851 1989; x_wconf 88' lang='lat' dir='ltr'>essent</span> <span class='ocrx_word' id='word_1_178' title='bbox 873 1942 1113 2005; x_wconf 90' lang='lat' dir='ltr'>improbi.&#39;</span> <span class='ocrx_word' id='word_1_179' title='bbox 1185 1944 1260 1990; x_wconf 89' lang='lat' dir='ltr'>At</span> <span class='ocrx_word' id='word_1_180' title='bbox 1284 1943 1426 2001; x_wconf 84' lang='lat' dir='ltr'>cives,</span> <span class='ocrx_word' id='word_1_181' title='bbox 1448 1951 1499 1990; x_wconf 75' lang='lat' dir='ltr'>at</span> <span class='ocrx_word' id='word_1_182' title='bbox 1521 1943 1686 2001; x_wconf 60' lang='lat' dir='ltr'>atronis,</span> 
     </span>
     <span class='ocr_line' id='line_1_24' title="bbox 194 2023 1690 2085; baseline 0 -15"><span class='ocrx_word' id='word_1_183' title='bbox 194 2027 248 2070; x_wconf 86' lang='lat' dir='ltr'>at</span> <span class='ocrx_word' id='word_1_184' title='bbox 283 2023 346 2070; x_wconf 87' lang='lat' dir='ltr'>ab</span> <span class='ocrx_word' id='word_1_185' title='bbox 382 2038 439 2070; x_wconf 88' lang='lat' dir='ltr'>eo</span> <span class='ocrx_word' id='word_1_186' title='bbox 475 2023 683 2085; x_wconf 83' lang='lat' dir='ltr'>privato,</span> <span class='ocrx_word' id='word_1_187' title='bbox 722 2023 809 2085; x_wconf 94' lang='lat' dir='ltr'>qui</span> <span class='ocrx_word' id='word_1_188' title='bbox 848 2023 954 2069; x_wconf 90' lang='lat' dir='ltr'>sine</span> <span class='ocrx_word' id='word_1_189' title='bbox 992 2023 1139 2070; x_wconf 89' lang='lat' dir='ltr'>armis</span> <span class='ocrx_word' id='word_1_190' title='bbox 1189 2024 1335 2070; x_wconf 86' lang='lat' dir='ltr'>etiam</span> <span class='ocrx_word' id='word_1_191' title='bbox 1378 2024 1547 2070; x_wconf 85' lang='lat' dir='ltr'>consul</span> <span class='ocrx_word' id='word_1_192' title='bbox 1586 2040 1690 2071; x_wconf 87' lang='lat' dir='ltr'>rem</span> 
     </span>
     <span class='ocr_line' id='line_1_25' title="bbox 195 2101 1691 2167; baseline 0.001 -17"><span class='ocrx_word' id='word_1_193' title='bbox 195 2103 439 2166; x_wconf 85' lang='lat' dir='ltr'>publicam</span> <span class='ocrx_word' id='word_1_194' title='bbox 463 2108 785 2150; x_wconf 87' lang='lat' dir='ltr'>conservarat.</span> <span class='ocrx_word' id='word_1_195' title='bbox 825 2101 914 2150; x_wconf 84' lang='lat' dir='ltr'>Sin</span> <span class='ocrx_word' id='word_1_196' title='bbox 936 2105 1058 2150; x_wconf 82' lang='lat' dir='ltr'>victi</span> <span class='ocrx_word' id='word_1_197' title='bbox 1081 2110 1243 2151; x_wconf 91' lang='lat' dir='ltr'>essent</span> <span class='ocrx_word' id='word_1_198' title='bbox 1266 2105 1394 2163; x_wconf 87' lang='lat' dir='ltr'>boni,</span> <span class='ocrx_word' id='word_1_199' title='bbox 1421 2105 1507 2166; x_wconf 91' lang='lat' dir='ltr'>qui</span> <span class='ocrx_word' id='word_1_200' title='bbox 1531 2120 1691 2167; x_wconf 89' lang='lat' dir='ltr'>super-</span> 
     </span>
     <span class='ocr_line' id='line_1_26' title="bbox 196 2185 1758 2248; baseline -0.001 -16"><span class='ocrx_word' id='word_1_201' title='bbox 196 2186 387 2233; x_wconf 68' lang='lat' dir='ltr'>essent&#39;l</span> <span class='ocrx_word' id='word_1_202' title='bbox 437 2202 601 2232; x_wconf 90' lang='lat' dir='ltr'>nonne</span> <span class='ocrx_word' id='word_1_203' title='bbox 641 2186 703 2232; x_wconf 89' lang='lat' dir='ltr'>ad</span> <span class='ocrx_word' id='word_1_204' title='bbox 744 2202 909 2232; x_wconf 88' lang='lat' dir='ltr'>servos</span> <span class='ocrx_word' id='word_1_205' title='bbox 945 2185 1124 2232; x_wconf 87' lang='lat' dir='ltr'>videtis</span> <span class='ocrx_word' id='word_1_206' title='bbox 1158 2202 1261 2232; x_wconf 90' lang='lat' dir='ltr'>rem</span> <span class='ocrx_word' id='word_1_207' title='bbox 1297 2187 1542 2248; x_wconf 88' lang='lat' dir='ltr'>publicam</span> <span class='ocrx_word' id='word_1_208' title='bbox 1577 2202 1687 2232; x_wconf 82' lang='lat' dir='ltr'>ven-</span> <span class='ocrx_word' id='word_1_209' title='bbox 1720 2201 1758 2232; x_wconf 82' lang='lat'>25</span> 
     </span>
     <span class='ocr_line' id='line_1_27' title="bbox 192 2254 1793 2330; baseline 0.001 -16"><span class='ocrx_word' id='word_1_210' title='bbox 192 2271 359 2314; x_wconf 88' lang='lat' dir='ltr'>turam</span> <span class='ocrx_word' id='word_1_211' title='bbox 381 2265 566 2313; x_wconf 65' lang='lat' dir='ltr'>fuisse?</span> <span class='ocrx_word' id='word_1_212' title='bbox 633 2265 721 2312; x_wconf 92' lang='lat' dir='ltr'>An</span> <span class='ocrx_word' id='word_1_213' title='bbox 745 2266 870 2312; x_wconf 89' lang='lat' dir='ltr'>mihi</span> <span class='ocrx_word' id='word_1_214' title='bbox 900 2266 1011 2328; x_wconf 89' lang='lat' dir='ltr'>ipsi,</span> <span class='ocrx_word' id='word_1_215' title='bbox 1046 2271 1104 2313; x_wconf 92' lang='lat' dir='ltr'>ut</span> <span class='ocrx_word' id='word_1_216' title='bbox 1130 2266 1328 2329; x_wconf 89' lang='lat' dir='ltr'>quidam</span> <span class='ocrx_word' id='word_1_217' title='bbox 1363 2271 1558 2330; x_wconf 86' lang='lat' dir='ltr'>putant,</span> <span class='ocrx_word' id='word_1_218' title='bbox 1593 2267 1690 2315; x_wconf 89' lang='lat' dir='ltr'>fuit</span> <span class='ocrx_word' id='word_1_219' title='bbox 1784 2254 1793 2266; x_wconf 25' lang='grc' dir='ltr'>μ</span> 
     </span>
     <span class='ocr_line' id='line_1_28' title="bbox 191 2345 1690 2409; baseline 0.001 -14"><span class='ocrx_word' id='word_1_220' title='bbox 191 2363 323 2395; x_wconf 90' lang='lat' dir='ltr'>mors</span> <span class='ocrx_word' id='word_1_221' title='bbox 345 2363 502 2409; x_wconf 91' lang='lat' dir='ltr'>aequo</span> <span class='ocrx_word' id='word_1_222' title='bbox 533 2345 698 2393; x_wconf 80' lang='lat' dir='ltr'>aniino</span> <span class='ocrx_word' id='word_1_223' title='bbox 727 2347 1037 2409; x_wconf 71' lang='lat' dir='ltr'>oppetenda?</span> <span class='ocrx_word' id='word_1_224' title='bbox 1072 2347 1204 2406; x_wconf 85' lang='lat' dir='ltr'>Quid</span> <span class='ocrx_word' id='word_1_225' title='bbox 1228 2349 1373 2396; x_wconf 75' lang='lat' dir='ltr'>tum?</span> <span class='ocrx_word' id='word_1_226' title='bbox 1419 2354 1690 2396; x_wconf 88' lang='lat' dir='ltr'>mortemne</span> 
     </span>
     <span class='ocr_line' id='line_1_29' title="bbox 193 2427 1690 2492; baseline 0.001 -17"><span class='ocrx_word' id='word_1_227' title='bbox 193 2428 466 2492; x_wconf 64' lang='lat' dir='ltr'>fugiebam?</span> <span class='ocrx_word' id='word_1_228' title='bbox 500 2428 587 2474; x_wconf 90' lang='lat' dir='ltr'>An</span> <span class='ocrx_word' id='word_1_229' title='bbox 603 2432 709 2473; x_wconf 89' lang='lat' dir='ltr'>erat</span> <span class='ocrx_word' id='word_1_230' title='bbox 722 2443 800 2474; x_wconf 90' lang='lat' dir='ltr'>res</span> <span class='ocrx_word' id='word_1_231' title='bbox 814 2427 931 2488; x_wconf 90' lang='lat' dir='ltr'>ulla,</span> <span class='ocrx_word' id='word_1_232' title='bbox 948 2444 1096 2490; x_wconf 89' lang='lat' dir='ltr'>quam</span> <span class='ocrx_word' id='word_1_233' title='bbox 1110 2429 1234 2475; x_wconf 92' lang='lat' dir='ltr'>mihi</span> <span class='ocrx_word' id='word_1_234' title='bbox 1251 2430 1406 2491; x_wconf 87' lang='lat' dir='ltr'>magis</span> <span class='ocrx_word' id='word_1_235' title='bbox 1425 2430 1690 2491; x_wconf 87' lang='lat' dir='ltr'>optandam</span> 
     </span>
     <span class='ocr_line' id='line_1_30' title="bbox 194 2507 1794 2595; baseline 0 -39"><span class='ocrx_word' id='word_1_236' title='bbox 194 2508 449 2572; x_wconf 67' lang='lat' dir='ltr'>putarem?</span> <span class='ocrx_word' id='word_1_237' title='bbox 516 2511 604 2553; x_wconf 86' lang='lat' dir='ltr'>aut</span> <span class='ocrx_word' id='word_1_238' title='bbox 644 2522 733 2568; x_wconf 88' lang='lat' dir='ltr'>ego</span> <span class='ocrx_word' id='word_1_239' title='bbox 774 2507 884 2554; x_wconf 91' lang='lat' dir='ltr'>illas</span> <span class='ocrx_word' id='word_1_240' title='bbox 925 2525 1003 2555; x_wconf 87' lang='lat' dir='ltr'>res</span> <span class='ocrx_word' id='word_1_241' title='bbox 1039 2514 1206 2556; x_wconf 90' lang='lat' dir='ltr'>tantas</span> <span class='ocrx_word' id='word_1_242' title='bbox 1244 2510 1298 2555; x_wconf 89' lang='lat' dir='ltr'>in</span> <span class='ocrx_word' id='word_1_243' title='bbox 1334 2514 1475 2556; x_wconf 83' lang='lat' dir='ltr'>tanta</span> <span class='ocrx_word' id='word_1_244' title='bbox 1512 2510 1692 2572; x_wconf 90' lang='lat' dir='ltr'>impro-</span> <span class='ocrx_word' id='word_1_245' title='bbox 1792 2552 1794 2595; x_wconf 28' lang='grc' dir='ltr'>ἒ</span> 
     </span>
     <span class='ocr_line' id='line_1_31' title="bbox 194 2586 1795 2666; baseline 0.001 -30"><span class='ocrx_word' id='word_1_246' title='bbox 194 2591 369 2636; x_wconf 90' lang='lat' dir='ltr'>borum</span> <span class='ocrx_word' id='word_1_247' title='bbox 392 2586 715 2634; x_wconf 85' lang='lat' dir='ltr'>multitudine</span> <span class='ocrx_word' id='word_1_248' title='bbox 739 2603 850 2633; x_wconf 91' lang='lat' dir='ltr'>cum</span> <span class='ocrx_word' id='word_1_249' title='bbox 906 2588 1117 2648; x_wconf 88' lang='lat' dir='ltr'>erebam,</span> <span class='ocrx_word' id='word_1_250' title='bbox 1143 2605 1241 2636; x_wconf 91' lang='lat' dir='ltr'>non</span> <span class='ocrx_word' id='word_1_251' title='bbox 1268 2588 1392 2635; x_wconf 91' lang='lat' dir='ltr'>mihi</span> <span class='ocrx_word' id='word_1_252' title='bbox 1419 2605 1565 2648; x_wconf 91' lang='lat' dir='ltr'>mors,</span> <span class='ocrx_word' id='word_1_253' title='bbox 1589 2605 1691 2636; x_wconf 93' lang='lat' dir='ltr'>non</span> <span class='ocrx_word' id='word_1_254' title='bbox 1711 2605 1754 2638; x_wconf 80' lang='grc'>30</span> <span class='ocrx_word' id='word_1_255' title='bbox 1782 2605 1795 2666; x_wconf 44' lang='grc' dir='ltr'>ἶ</span> 
     </span>
     <span class='ocr_line' id='line_1_32' title="bbox 195 2605 1794 2731; baseline -0.001 -14"><span class='ocrx_word' id='word_1_256' title='bbox 195 2670 401 2717; x_wconf 83' lang='lat' dir='ltr'>exilium</span> <span class='ocrx_word' id='word_1_257' title='bbox 435 2668 496 2716; x_wconf 94' lang='lat' dir='ltr'>ob</span> <span class='ocrx_word' id='word_1_258' title='bbox 533 2668 696 2714; x_wconf 86' lang='lat' dir='ltr'>oculos</span> <span class='ocrx_word' id='word_1_259' title='bbox 734 2605 1117 2718; x_wconf 45' lang='lat' dir='ltr'>vffiaffiaturi.</span> <span class='ocrx_word' id='word_1_260' title='bbox 1109 2684 1211 2715; x_wconf 92' lang='lat' dir='ltr'>non</span> <span class='ocrx_word' id='word_1_261' title='bbox 1251 2668 1371 2715; x_wconf 88' lang='lat' dir='ltr'>haec</span> <span class='ocrx_word' id='word_1_262' title='bbox 1410 2668 1621 2731; x_wconf 90' lang='lat' dir='ltr'>denique</span> <span class='ocrx_word' id='word_1_263' title='bbox 1661 2685 1691 2716; x_wconf 89' lang='lat' dir='ltr'>a</span> <span class='ocrx_word' id='word_1_264' title='bbox 1782 2661 1794 2686; x_wconf 74' lang='lat'>&#39;¹</span> 
     </span>
     <span class='ocr_line' id='line_1_33' title="bbox 194 2747 1687 2812; baseline -0.001 -14"><span class='ocrx_word' id='word_1_265' title='bbox 194 2766 273 2798; x_wconf 87' lang='lat' dir='ltr'>me</span> <span class='ocrx_word' id='word_1_266' title='bbox 296 2755 405 2798; x_wconf 89' lang='lat' dir='ltr'>tum</span> <span class='ocrx_word' id='word_1_267' title='bbox 428 2754 678 2811; x_wconf 88' lang='lat' dir='ltr'>tamquam</span> <span class='ocrx_word' id='word_1_268' title='bbox 705 2747 848 2795; x_wconf 78' lang='lat' dir='ltr'>fata</span> <span class='ocrx_word' id='word_1_269' title='bbox 832 2764 886 2796; x_wconf 93' lang='grc'>111</span> <span class='ocrx_word' id='word_1_270' title='bbox 910 2748 1018 2811; x_wconf 88' lang='lat' dir='ltr'>ipsa</span> <span class='ocrx_word' id='word_1_271' title='bbox 1041 2765 1095 2796; x_wconf 92' lang='lat' dir='ltr'>re</span> <span class='ocrx_word' id='word_1_272' title='bbox 1117 2749 1332 2812; x_wconf 88' lang='lat' dir='ltr'>gerenda</span> <span class='ocrx_word' id='word_1_273' title='bbox 1355 2749 1687 2796; x_wconf 70' lang='lat' dir='ltr'>canebantur?</span> 
     </span>
    </p>
   </div>
   <div class='ocr_carea' id='block_1_3' title="bbox 1766 0 1812 2950">
    <p class='ocr_par' dir='ltr' id='par_1_5' title="bbox 1766 0 1812 2950">
     <span class='ocr_line' id='line_1_34' title="bbox 1766 0 1812 2950; baseline 0 0"><span class='ocrx_word' id='word_1_274' title='bbox 1766 0 1812 2950; x_wconf 95' lang='lat' dir='ltr'> </span> 
     </span>
    </p>
   </div>
  </div>
 </body>
</html>
