1812 2950
151 118 211 168 10
499 123 568 170 M.
623 122 841 171 TULLI
883 124 1270 175 CICERONIS

147 255 386 302 altissimo
419 256 576 317 gladu
610 255 783 302 alienis
818 256 994 318 opibus
1027 257 1215 319 positus
1250 264 1388 317 esset,
1425 258 1512 321 qui
1544 275 1643 305 non

146 334 290 382 modo
325 340 666 398 tempestatem
707 335 1070 398 impendentem
1107 337 1293 384 intueri
1329 295 1641 396 temulentus,

59 413 119 460 21
145 415 228 460 sed
251 431 314 462 ne
337 415 495 462 lucem
519 415 717 478 quidem
748 416 997 463 insolitam
1019 417 1231 480 aspicere
1254 424 1416 479 posset
1443 421 1460 467 ‘l
1499 419 1643 466 Alter

146 497 328 543 multos
358 496 539 558 plane
525 513 579 542 111
603 496 760 543 omnis
795 498 946 559 partis
969 497 1172 545 fefellit:
1210 505 1316 545 erat
1340 500 1471 545 enim
1494 499 1643 546 homi-

145 594 266 624 num
304 578 525 640 opinioni
559 578 817 625 nobilitate
855 579 974 641 ipsa,
1017 556 1226 626 blanda
1224 555 1638 637 conciliatricula
1669 597 1689 627 5

146 658 522 705 commendatus.
581 656 762 704 Omnes
786 659 901 704 boni
924 675 1113 721 semper
1137 660 1386 706 nobilitati
1409 660 1640 715 favemus,

142 741 192 783 et
237 736 351 798 quia
397 736 519 783 utile
564 741 639 784 est
683 738 755 785 rei
793 739 1017 800 publicae
1055 739 1244 787 nobiles
1282 739 1503 786 homines
1543 755 1644 787 esse

147 815 318 878 dignos
340 816 606 863 maioribus
630 817 742 876 suis,
769 822 820 864 et
843 818 958 880 quia
981 819 1114 866 valet
1138 819 1268 882 apud
1292 836 1380 866 nos
1404 820 1593 866 claroru

149 884 494 943 hominqut
525 898 648 944 bene
683 898 743 944 de
777 914 830 944 re
860 899 1056 961 public-a
1091 899 1645 959 meritorum‚memoria

149 975 298 1022 etiam
322 966 639 1024 mortuoruffli
711 977 838 1034 Quia
861 978 1053 1025 tristem
1077 994 1278 1040 semper,
1304 980 1418 1041 quia
1442 979 1642 1026 tacitur-
1672 994 1710 1025 10

148 1073 282 1116 num,
322 1058 438 1120 quia
473 1058 815 1105 subhorridum
855 1064 1002 1122 atque
1038 1059 1280 1106 incultum
1311 1060 1557 1119 videbant,
1594 1065 1644 1106 et

148 1138 278 1199 quod
308 1130 413 1185 erat
436 1154 493 1185 eo
514 1139 724 1199 nomine,
751 1143 810 1186 ut
843 1139 1126 1201 ingenerata
1153 1139 1365 1187 familiae
1387 1139 1644 1202 frugalitas

147 1217 407 1277 videretur,
456 1219 701 1278 favebant,
749 1219 1028 1282 gaudebant
1090 1226 1141 1268 et
1194 1221 1256 1267 ad
1309 1220 1641 1282 integritatem

150 1298 389 1345 maiorum
421 1315 504 1361 spe
539 1315 627 1346 sua
660 1299 908 1347 hominem
942 1301 1183 1348 vocabant
1216 1301 1427 1348 materni
1456 1300 1645 1364 generis

62 1379 124 1425 22
149 1380 303 1429 obliti.
392 1380 497 1443 Ego
542 1385 901 1428 autem—vere
948 1381 1120 1439 dicam,
1168 1381 1644 1439 iudices,—tantum
1672 1397 1708 1427 15
1789 1387 1797 1394 “’

151 1476 254 1507 esse
274 1461 330 1507 in
350 1461 547 1508 homine
571 1462 775 1521 sceleris,
801 1461 1043 1521 audaciae,
1069 1461 1384 1520 crudelitatis,
1405 1467 1644 1524 quantum

150 1542 253 1604 ipse
287 1558 396 1589 cum
423 1558 477 1588 re
507 1542 702 1605 publica
733 1543 875 1600 sensi,
900 1557 1168 1604 numquam
1198 1541 1399 1604 putavi:
1434 1557 1643 1603 nequam

152 1639 253 1671 esse
276 1624 525 1671 hominem
548 1629 597 1670 et
620 1623 778 1670 levem
803 1629 852 1671 et
877 1619 1018 1689 [falsa
1041 1621 1289 1688 opinione]
1316 1639 1476 1670 errore
1494 1621 1645 1669 homi-

151 1720 272 1751 num
309 1704 369 1750 ab
401 1703 739 1794 adulescentie?r
761 1704 1154 1793 commepdatum
1190 1705 1413 1751 sciebam.
1445 1703 1646 1751 Etenim

150 1785 343 1832 animus
375 1785 479 1831 eius
505 1783 662 1844 vultu,
691 1784 877 1846 flagitia
903 1764 1174 1846 parietibus
1206 1785 1528 1846 tegebantur3
1564 1783 1647 1830 sed
1673 1799 1712 1830 20
1786 1807 1797 1843 η

151 1867 269 1913 haec
293 1866 563 1913 obstructio
591 1881 680 1912 nec
704 1865 941 1911 diuturna
966 1869 1039 1911 est
1063 1880 1220 1927 neque
1243 1865 1454 1913 obducta
1476 1865 1559 1925 ita,
1588 1870 1646 1910 ut
1793 1848 1796 1855 ¹

151 1946 353 1994 curiosis
376 1947 527 1994 oculis
549 1945 755 2009 perspici
779 1961 879 1992 non
901 1944 1067 2007 possit.

250 2029 317 2076 X.
388 2028 691 2076 Videbamus
731 2042 884 2088 genus
915 2027 1062 2084 vitae,
1101 2025 1348 2083 desidiam,
1386 2025 1642 2072 inertiam:

152 2108 364 2156 inclusas
396 2108 499 2155 eius
535 2108 775 2167 libidines,
803 2108 888 2169 qui
919 2107 1064 2170 paulo
1099 2106 1297 2169 propius
1330 2110 1641 2162 accesserant,
1787 2158 1790 2163 ¹

152 2189 474 2235 intuebantur
482 2206 496 2248 3
531 2188 740 2251 denique
757 2188 906 2234 etiam
923 2202 1080 2234 sermo
1098 2186 1308 2233 hominis
1325 2201 1467 2232 ansas
1484 2186 1643 2242 dabat,
1673 2198 1711 2231 25
1798 2222 1801 2244 s

65 2268 128 2316 23
153 2267 330 2330 quibus
358 2268 633 2315 reconditos
664 2269 769 2314 eius
796 2283 966 2314 sensus
994 2272 1160 2313 tenere
1187 2281 1444 2328 possemus.
1517 2264 1641 2310 Lau-

152 2351 301 2397 dabat
346 2350 490 2397 homo
535 2349 706 2396 doctus
751 2348 1062 2411 philosophos
1107 2347 1268 2394 nescio
1314 2362 1435 2409 quos
1490 2360 1646 2407 neque

152 2446 321 2480 eorum
356 2436 522 2477 tamen
561 2430 762 2477 nomina
796 2434 986 2492 poterat
1020 2428 1191 2483 dicere,
1253 2427 1337 2474 sed
1370 2433 1537 2473 tamen
1566 2441 1647 2472 eos

154 2513 386 2561 laudabat
420 2511 647 2570 maxime,
690 2511 775 2574 qui
815 2510 1048 2557 dicuntur
1092 2514 1286 2571 praeter
1323 2512 1506 2555 ceteros
1545 2522 1648 2554 esse
1796 2558 1804 2569 j

154 2599 375 2643 auctores
411 2598 462 2641 et
497 2593 773 2640 laudatores
808 2591 1108 2653 voluptatis:
1146 2590 1283 2636 cuius
1317 2593 1367 2635 et
1402 2604 1498 2650 quo
1531 2593 1649 2635 tem·
1674 2602 1714 2635 so

154 2690 271 2737 pore
324 2678 375 2721 et
426 2689 521 2735 quo
566 2672 708 2718 modo
752 2686 853 2718 non
898 2670 1189 2733 quaerebat3
1240 2669 1443 2716 verbum
1487 2668 1646 2731 ipsum

155 2756 380 2802 omnibus
419 2753 571 2800 animi
607 2758 657 2799 et
697 2751 908 2814 corporis
945 2751 1172 2813 partibus
1218 2751 1506 2809 devorarat3
1550 2765 1647 2796 eos-
