1812 2950
241 129 378 180 PRO
412 130 470 180 P.
510 128 752 178 SESTIO
789 126 1045 176 ORATIO
1080 128 1126 189 ἓξ
1161 126 1359 174 80-84
1528 125 1587 174 41

79 263 310 313 messoria
366 277 417 309 se
474 261 616 308 corbe
674 259 911 306 contexit.
985 257 1108 304 Cum
1167 260 1460 319 quaererent
1506 256 1594 304 alii

80 346 391 403 Numerium,
448 342 534 390 alii
582 341 859 400 Quintium,
915 339 1100 402 gemini
1157 338 1372 386 nominis
1431 353 1595 387 errore

82 432 304 476 servatus
352 430 438 474 est.
510 425 683 486 Atque
731 423 821 469 hoc
868 422 1005 468 scitis
1051 435 1234 479 omnes,
1273 434 1429 481 usque
1474 418 1593 466 adeo

82 507 330 556 hominem
362 506 415 552 in
446 504 660 568 periculo
692 502 858 562 fuisse,
885 501 1046 565 quoad
1078 501 1256 548 scitum
1281 504 1355 546 est
1380 498 1594 547 Sestium

37 601 59 636 5
85 587 264 637 vivere.
316 585 460 643 Quod
500 584 554 630 ni
591 588 717 630 esset
749 581 1050 644 patefactum
1084 580 1230 644 paulo
1266 580 1413 627 citius
1448 594 1597 642 quam

86 667 278 727 vellem,
314 682 414 714 non
449 665 525 712 1111
560 663 759 727 quidem
794 668 953 710 morte
987 662 1312 710 mercennarii
1345 661 1424 709 sui
1445 667 1602 708 trans-

84 750 210 795 ferre
233 746 512 810 potuissent
533 744 776 791 invidiam
800 744 855 790 in
873 760 996 806 quos
1013 744 1272 806 putabant,
1291 742 1377 790 sed
1394 742 1599 790 acerbis-

85 829 198 876 simi
220 828 412 876 sceleris
434 826 692 874 infamiam
706 831 847 889 grato
863 826 1075 888 quodam
1092 825 1269 873 scelere
1287 823 1595 872 minuissent.

86 910 164 957 Ac
201 909 244 956 si
292 914 399 956 tum
446 907 503 957 P.
554 907 758 966 Sestius,
805 907 1006 966 iudices,
1053 906 1108 953 in
1153 906 1338 968 templo
1386 904 1605 953 Castoris
1628 904 1692 952 83

14 1005 59 1039 10
84 989 298 1037 61111116111
332 1005 480 1052 quam
513 989 602 1035 vix
632 988 841 1036 retinuit
865 988 1111 1047 edidisset,
1138 1004 1239 1035 non
1262 986 1437 1034 dubito
1461 986 1598 1049 quin,

87 1070 129 1117 si
159 1070 301 1117 modo
333 1074 460 1117 esset
489 1069 544 1115 in
574 1085 627 1116 re
650 1069 847 1132 publica
871 1074 1083 1128 senatus,
1111 1069 1154 1116 si
1177 1067 1408 1115 maiestas
1430 1066 1603 1130 populi

90 1149 304 1198 Romani
334 1149 610 1209 revixisset,
637 1149 903 1212 aliquando
936 1153 1104 1196 statua
1125 1148 1242 1195 huic
1265 1149 1327 1195 ob
1350 1164 1455 1195 rem
1478 1147 1599 1210 pub-

13 1270 15 1276 ,
87 1230 232 1277 1166111
262 1229 523 1278 interfecto
545 1230 600 1276 in
623 1229 730 1277 foro
763 1234 1076 1277 statueretur.
1110 1229 1219 1277 Nec
1253 1244 1369 1276 vero
1402 1228 1603 1275 illorum

88 1310 358 1374 quisquam,
384 1327 506 1374 quos
530 1328 559 1358 a
581 1311 849 1359 maioribus
872 1311 1056 1358 nostris
1080 1316 1237 1358 morte
1260 1311 1398 1358 obita
1419 1310 1604 1373 positos

22 1405 62 1439 15
88 1392 142 1438 111
171 1390 259 1439 1110
290 1390 394 1438 1060
425 1397 574 1454 atque
597 1393 651 1438 in
673 1392 846 1439 rostris
870 1392 1146 1439 conlocatos
1171 1390 1365 1447 videtis,
1390 1395 1517 1438 esset
1542 1389 1598 1438 P.

13 1458 15 1470 ἶ
89 1471 247 1519 Sestio
264 1477 353 1519 aut
370 1472 635 1519 acerbitate
659 1471 832 1519 mortis
855 1476 944 1519 aut
966 1472 1019 1518 in
1037 1487 1141 1518 rem
1165 1471 1415 1534 publicam
1438 1469 1604 1517 animo

88 1553 474 1615 praeponendus,
520 1555 605 1617 qui
630 1570 741 1601 cum
757 1570 953 1601 causam
968 1553 1089 1601 civis
1104 1552 1390 1613 calamitosi,
1408 1568 1606 1600 causam

12 1626 15 1683 s
92 1633 249 1692 amici,
267 1649 464 1680 causam
481 1635 604 1681 bene
620 1634 680 1681 de
697 1650 750 1681 re
764 1634 960 1696 publica
976 1634 1153 1693 meriti,
1171 1650 1368 1680 causam
1391 1638 1604 1693 senatus,

93 1730 288 1762 causam
311 1715 503 1775 Italiae,
519 1732 715 1763 causam
737 1716 810 1763 rei
831 1716 1055 1779 publicae
1077 1716 1377 1778 suscepisset,
1398 1730 1608 1777 cumque

14 1809 65 1853 420
91 1794 318 1857 auspiciis
340 1795 663 1858 religionique
686 1812 862 1858 parens
885 1795 1216 1852 obnuntiaret,
1228 1796 1357 1858 quod
1373 1799 1604 1855 senserat,

13 1906 15 1942 i
92 1875 199 1921 luce
230 1876 391 1937 palam
423 1892 453 1922 a
479 1876 680 1923 nefariis
703 1878 925 1939 pestibus
948 1878 1002 1923 in
1026 1877 1229 1924 deorum
1251 1876 1606 1938 hominumque

12 1974 15 1991 ¹
94 1963 355 2020 conspectu
387 1964 513 2006 esset
543 1960 727 2007 occisus
759 1961 1066 2008 sanctissimo
1098 1961 1151 2007 in
1183 1959 1381 2022 templo,
1408 1958 1607 2007 sanctis·

95 2039 217 2086 sima
239 2040 293 2086 in
323 2056 481 2101 causa,
509 2041 816 2088 sanctissimo
850 2041 905 2087 in
927 2042 1235 2104 magistratu.
1308 2041 1431 2088 Eius
1453 2039 1609 2103 igitur

12 2132 16 2191 j
97 2119 250 2165 vitam
297 2120 557 2183 quisquam
604 2121 911 2184 spoliandam
958 2122 1262 2169 ornamentis
1309 2137 1412 2169 esse
1459 2120 1603 2180 dicet,

13 2202 69 2266 με
94 2201 232 2253 6111118
266 2207 476 2249 mortem
499 2203 771 2250 ornandam
794 2208 1115 2251 monumento
1138 2203 1437 2266 sempiterno
1467 2207 1610 2265 puta-

96 2281 214 2328 retis
230 2283 247 2329 2

197 2364 460 2413 XXXIX.
536 2369 547 2390 ‘
567 2365 838 2412 Homines’
895 2365 1061 2428 inquit
1127 2370 1139 2392 ‘
1156 2364 1333 2424 emisti,
1396 2364 1608 2425 coegisti,
1635 2359 1701 2412 84

98 2447 514 2509 parasti.'—Quid
545 2448 623 2495 uti
653 2448 871 2495 faceret'l
919 2452 1146 2494 senatum
1177 2446 1452 2494 obsideret?
1487 2443 1609 2492 civis

98 2527 405 2576 indemnatos
435 2528 733 2592 expelleret?
767 2529 894 2575 bona
918 2527 1184 2591 diriperet?
1218 2526 1352 2573 aedis
1383 2524 1608 2572 incende-

16 2622 73 2656 {30
99 2609 205 2656 ret‘l
249 2614 379 2656 tecta
414 2609 746 2657 disturbaret?
790 2609 977 2673 templa
1011 2609 1214 2657 deorum
1249 2606 1605 2654 immortalium

103 2687 449 2737 inflammaret?
482 2691 709 2737 tribunos
732 2690 888 2752 plebis
911 2690 1040 2737 ferro
1064 2706 1089 2736 e
1112 2687 1284 2736 rostris
1308 2686 1607 2749 expelleret?

16 2789 17 2840 3
103 2769 389 2831 provincias,
411 2785 530 2832 quas
564 2762 731 2827 vellet,
749 2771 928 2832 quibus
962 2770 1126 2829 vellet,
1153 2767 1421 2816 venderet?
1469 2782 1606 2830 reges
