<?xml version="1.0" encoding="UTF-8"?>
<!DOCTYPE html PUBLIC "-//W3C//DTD XHTML 1.0 Transitional//EN"
    "http://www.w3.org/TR/xhtml1/DTD/xhtml1-transitional.dtd">
<html xmlns="http://www.w3.org/1999/xhtml" xml:lang="en" lang="en">
 <head>
  <title>
</title>
<meta http-equiv="Content-Type" content="text/html;charset=utf-8" />
  <meta name='ocr-system' content='tesseract 3.04.00' />
  <meta name='ocr-capabilities' content='ocr_page ocr_carea ocr_par ocr_line ocrx_word'/>
</head>
<body>
  <div class='ocr_page' id='page_1' title='image "./propubliosestioo00ciceuoft_0082.png"; bbox 0 0 1812 2950; ppageno 0'>
   <div class='ocr_carea' id='block_1_1' title="bbox 236 130 1371 190">
    <p class='ocr_par' dir='ltr' id='par_1_1' title="bbox 176 130 1371 206">
     <span class='ocr_line' id='line_1_1' title="bbox 236 130 1371 190; baseline -0.015 10.096"><span class='ocrx_word' id='word_1_1' title='bbox 236 142 300 190; x_wconf 86' lang='lat'>48</span> <span class='ocrx_word' id='word_1_2' title='bbox 594 140 664 189; x_wconf 86' lang='lat' dir='ltr'>M.</span> <span class='ocrx_word' id='word_1_3' title='bbox 718 130 940 187; x_wconf 77' lang='lat' dir='ltr'><em>TULLI</em></span> <span class='ocrx_word' id='word_1_4' title='bbox 983 136 1371 186; x_wconf 78' lang='lat' dir='ltr'><em>CICERONIS</em></span> 
     </span>
    </p>
   </div>
   <div class='ocr_carea' id='block_1_2' title="bbox 144 263 1805 2098">
    <p class='ocr_par' dir='ltr' id='par_1_2' title="bbox 144 263 1805 2098">
     <span class='ocr_line' id='line_1_2' title="bbox 233 263 1723 331; baseline -0.005 -14"><span class='ocrx_word' id='word_1_5' title='bbox 233 269 379 317; x_wconf 87' lang='lat' dir='ltr'>aliter</span> <span class='ocrx_word' id='word_1_6' title='bbox 401 274 532 316; x_wconf 89' lang='lat' dir='ltr'>stare</span> <span class='ocrx_word' id='word_1_7' title='bbox 556 267 826 331; x_wconf 87' lang='lat' dir='ltr'>possemus)</span> <span class='ocrx_word' id='word_1_8' title='bbox 838 285 852 327; x_wconf 84' lang='lat'>3</span> <span class='ocrx_word' id='word_1_9' title='bbox 887 271 1005 315; x_wconf 88' lang='lat' dir='ltr'>sunt</span> <span class='ocrx_word' id='word_1_10' title='bbox 1029 266 1273 329; x_wconf 90' lang='lat' dir='ltr'>principes</span> <span class='ocrx_word' id='word_1_11' title='bbox 1304 264 1496 312; x_wconf 90' lang='lat' dir='ltr'>consilii</span> <span class='ocrx_word' id='word_1_12' title='bbox 1526 263 1723 326; x_wconf 84' lang='lat' dir='ltr'>publici,</span> 
     </span>
     <span class='ocr_line' id='line_1_3' title="bbox 232 348 1727 414; baseline -0.005 -16"><span class='ocrx_word' id='word_1_13' title='bbox 232 357 363 410; x_wconf 88' lang='lat' dir='ltr'>sunt,</span> <span class='ocrx_word' id='word_1_14' title='bbox 398 353 483 414; x_wconf 91' lang='lat' dir='ltr'>qui</span> <span class='ocrx_word' id='word_1_15' title='bbox 515 367 683 398; x_wconf 90' lang='lat' dir='ltr'>eorum</span> <span class='ocrx_word' id='word_1_16' title='bbox 715 355 899 397; x_wconf 89' lang='lat' dir='ltr'>sectam</span> <span class='ocrx_word' id='word_1_17' title='bbox 931 352 1219 411; x_wconf 82' lang='lat' dir='ltr'>sequuntur,</span> <span class='ocrx_word' id='word_1_18' title='bbox 1250 352 1368 394; x_wconf 88' lang='lat' dir='ltr'>sunt</span> <span class='ocrx_word' id='word_1_19' title='bbox 1398 348 1727 392; x_wconf 88' lang='lat' dir='ltr'>maximorum</span> 
     </span>
     <span class='ocr_line' id='line_1_4' title="bbox 231 426 1728 492; baseline -0.003 -15"><span class='ocrx_word' id='word_1_20' title='bbox 231 431 460 478; x_wconf 88' lang='lat' dir='ltr'>ordinum</span> <span class='ocrx_word' id='word_1_21' title='bbox 484 430 718 488; x_wconf 91' lang='lat' dir='ltr'>homines,</span> <span class='ocrx_word' id='word_1_22' title='bbox 741 430 919 492; x_wconf 89' lang='lat' dir='ltr'>quibus</span> <span class='ocrx_word' id='word_1_23' title='bbox 941 434 1080 491; x_wconf 89' lang='lat' dir='ltr'>patet</span> <span class='ocrx_word' id='word_1_24' title='bbox 1103 428 1251 485; x_wconf 91' lang='lat' dir='ltr'>curia,</span> <span class='ocrx_word' id='word_1_25' title='bbox 1273 432 1393 474; x_wconf 87' lang='lat' dir='ltr'>sunt</span> <span class='ocrx_word' id='word_1_26' title='bbox 1408 426 1728 488; x_wconf 82' lang='lat' dir='ltr'>municipales</span> 
     </span>
     <span class='ocr_line' id='line_1_5' title="bbox 233 506 1727 572; baseline -0.004 -15"><span class='ocrx_word' id='word_1_27' title='bbox 233 511 504 572; x_wconf 73' lang='lat' dir='ltr'>rusticique</span> <span class='ocrx_word' id='word_1_28' title='bbox 528 509 757 566; x_wconf 85' lang='lat' dir='ltr'>Romani,</span> <span class='ocrx_word' id='word_1_29' title='bbox 785 513 903 555; x_wconf 92' lang='lat' dir='ltr'>sunt</span> <span class='ocrx_word' id='word_1_30' title='bbox 937 508 1124 570; x_wconf 90' lang='lat' dir='ltr'>negotii</span> <span class='ocrx_word' id='word_1_31' title='bbox 1154 510 1395 569; x_wconf 79' lang='lat' dir='ltr'>gerenteS,</span> <span class='ocrx_word' id='word_1_32' title='bbox 1429 511 1547 552; x_wconf 86' lang='lat' dir='ltr'>sunt</span> <span class='ocrx_word' id='word_1_33' title='bbox 1577 506 1727 552; x_wconf 87' lang='lat' dir='ltr'>etiam</span> 
     </span>
     <span class='ocr_line' id='line_1_6' title="bbox 232 587 1769 652; baseline -0.004 -15"><span class='ocrx_word' id='word_1_34' title='bbox 232 590 454 637; x_wconf 87' lang='lat' dir='ltr'>libertini</span> <span class='ocrx_word' id='word_1_35' title='bbox 485 590 762 652; x_wconf 71' lang='lat' dir='ltr'>optimates.</span> <span class='ocrx_word' id='word_1_36' title='bbox 835 589 1103 645; x_wconf 81' lang='lat' dir='ltr'>Numerus,</span> <span class='ocrx_word' id='word_1_37' title='bbox 1130 591 1188 634; x_wconf 93' lang='lat' dir='ltr'>ut</span> <span class='ocrx_word' id='word_1_38' title='bbox 1211 587 1331 645; x_wconf 83' lang='lat' dir='ltr'>dixi,</span> <span class='ocrx_word' id='word_1_39' title='bbox 1358 587 1506 632; x_wconf 89' lang='lat' dir='ltr'>huius</span> <span class='ocrx_word' id='word_1_40' title='bbox 1536 587 1728 648; x_wconf 85' lang='lat' dir='ltr'>generis</span> <span class='ocrx_word' id='word_1_41' title='bbox 1748 599 1769 630; x_wconf 82' lang='lat'>5</span> 
     </span>
     <span class='ocr_line' id='line_1_7' title="bbox 230 665 1729 729; baseline -0.004 -12"><span class='ocrx_word' id='word_1_42' title='bbox 230 671 331 718; x_wconf 88' lang='lat' dir='ltr'>late</span> <span class='ocrx_word' id='word_1_43' title='bbox 354 675 406 716; x_wconf 90' lang='lat' dir='ltr'>et</span> <span class='ocrx_word' id='word_1_44' title='bbox 429 671 564 716; x_wconf 86' lang='lat' dir='ltr'>varie</span> <span class='ocrx_word' id='word_1_45' title='bbox 587 669 793 715; x_wconf 87' lang='lat' dir='ltr'>diffusus</span> <span class='ocrx_word' id='word_1_46' title='bbox 817 675 905 726; x_wconf 88' lang='lat' dir='ltr'>est,</span> <span class='ocrx_word' id='word_1_47' title='bbox 933 667 1017 714; x_wconf 86' lang='lat' dir='ltr'>sed</span> <span class='ocrx_word' id='word_1_48' title='bbox 1048 683 1202 729; x_wconf 90' lang='lat' dir='ltr'>genus</span> <span class='ocrx_word' id='word_1_49' title='bbox 1233 666 1533 724; x_wconf 87' lang='lat' dir='ltr'>universum,</span> <span class='ocrx_word' id='word_1_50' title='bbox 1559 671 1618 712; x_wconf 92' lang='lat' dir='ltr'>ut</span> <span class='ocrx_word' id='word_1_51' title='bbox 1640 665 1729 712; x_wconf 79' lang='lat' dir='ltr'>tol-</span> 
     </span>
     <span class='ocr_line' id='line_1_8' title="bbox 232 745 1728 808; baseline -0.003 -12"><span class='ocrx_word' id='word_1_52' title='bbox 232 750 367 797; x_wconf 82' lang='lat' dir='ltr'>latur</span> <span class='ocrx_word' id='word_1_53' title='bbox 395 765 544 807; x_wconf 88' lang='lat' dir='ltr'>error,</span> <span class='ocrx_word' id='word_1_54' title='bbox 569 748 711 795; x_wconf 84' lang='lat' dir='ltr'>brevi</span> <span class='ocrx_word' id='word_1_55' title='bbox 734 747 1068 794; x_wconf 84' lang='lat' dir='ltr'>circumscribi</span> <span class='ocrx_word' id='word_1_56' title='bbox 1092 752 1142 793; x_wconf 87' lang='lat' dir='ltr'>et</span> <span class='ocrx_word' id='word_1_57' title='bbox 1165 746 1360 792; x_wconf 89' lang='lat' dir='ltr'>definiri</span> <span class='ocrx_word' id='word_1_58' title='bbox 1377 750 1551 808; x_wconf 88' lang='lat' dir='ltr'>potest.</span> <span class='ocrx_word' id='word_1_59' title='bbox 1613 745 1728 792; x_wconf 92' lang='lat' dir='ltr'>Om-</span> 
     </span>
     <span class='ocr_line' id='line_1_9' title="bbox 231 829 1805 896; baseline -0.005 -17"><span class='ocrx_word' id='word_1_60' title='bbox 231 848 318 879; x_wconf 87' lang='lat' dir='ltr'>nes</span> <span class='ocrx_word' id='word_1_61' title='bbox 363 832 627 893; x_wconf 87' lang='lat' dir='ltr'>optimates</span> <span class='ocrx_word' id='word_1_62' title='bbox 673 835 803 887; x_wconf 91' lang='lat' dir='ltr'>sunt,</span> <span class='ocrx_word' id='word_1_63' title='bbox 853 829 940 891; x_wconf 92' lang='lat' dir='ltr'>qui</span> <span class='ocrx_word' id='word_1_64' title='bbox 985 843 1145 890; x_wconf 90' lang='lat' dir='ltr'>neque</span> <span class='ocrx_word' id='word_1_65' title='bbox 1191 832 1425 873; x_wconf 86' lang='lat' dir='ltr'>nocentes</span> <span class='ocrx_word' id='word_1_66' title='bbox 1471 831 1590 873; x_wconf 89' lang='lat' dir='ltr'>sunt</span> <span class='ocrx_word' id='word_1_67' title='bbox 1638 842 1728 873; x_wconf 91' lang='lat' dir='ltr'>nec</span> <span class='ocrx_word' id='word_1_68' title='bbox 1802 880 1805 896; x_wconf 50' lang='grc' dir='ltr'>Ι</span> 
     </span>
     <span class='ocr_line' id='line_1_10' title="bbox 230 897 1805 972; baseline -0.003 -14"><span class='ocrx_word' id='word_1_69' title='bbox 230 915 411 958; x_wconf 87' lang='lat' dir='ltr'>natura</span> <span class='ocrx_word' id='word_1_70' title='bbox 432 910 647 972; x_wconf 88' lang='lat' dir='ltr'>improbi</span> <span class='ocrx_word' id='word_1_71' title='bbox 670 925 759 955; x_wconf 93' lang='lat' dir='ltr'>nec</span> <span class='ocrx_word' id='word_1_72' title='bbox 782 908 960 954; x_wconf 80' lang='lat' dir='ltr'>furiosi</span> <span class='ocrx_word' id='word_1_73' title='bbox 982 924 1073 954; x_wconf 89' lang='lat' dir='ltr'>nec</span> <span class='ocrx_word' id='word_1_74' title='bbox 1106 907 1247 953; x_wconf 87' lang='lat' dir='ltr'>malis</span> <span class='ocrx_word' id='word_1_75' title='bbox 1275 906 1554 953; x_wconf 88' lang='lat' dir='ltr'>domesticis</span> <span class='ocrx_word' id='word_1_76' title='bbox 1581 907 1728 968; x_wconf 92' lang='lat' dir='ltr'>impe·</span> <span class='ocrx_word' id='word_1_77' title='bbox 1802 897 1805 959; x_wconf 73' lang='grc' dir='ltr'>Ι</span> 
     </span>
     <span class='ocr_line' id='line_1_11' title="bbox 230 962 1804 1052; baseline -0.004 -13"><span class='ocrx_word' id='word_1_78' title='bbox 230 992 337 1039; x_wconf 89' lang='lat' dir='ltr'>diti.</span> <span class='ocrx_word' id='word_1_79' title='bbox 411 991 505 1038; x_wconf 89' lang='lat' dir='ltr'>Est</span> <span class='ocrx_word' id='word_1_80' title='bbox 527 991 695 1052; x_wconf 85' lang='lat' dir='ltr'>igitur,</span> <span class='ocrx_word' id='word_1_81' title='bbox 716 994 775 1035; x_wconf 90' lang='lat' dir='ltr'>ut</span> <span class='ocrx_word' id='word_1_82' title='bbox 798 989 835 1034; x_wconf 90' lang='lat' dir='ltr'>ii</span> <span class='ocrx_word' id='word_1_83' title='bbox 860 988 974 1046; x_wconf 90' lang='lat' dir='ltr'>sint,</span> <span class='ocrx_word' id='word_1_84' title='bbox 998 974 1144 1050; x_wconf 87' lang='lat' dir='ltr'>quam</span> <span class='ocrx_word' id='word_1_85' title='bbox 1169 993 1226 1033; x_wconf 87' lang='lat' dir='ltr'>tu</span> <span class='ocrx_word' id='word_1_86' title='bbox 1254 987 1543 1033; x_wconf 87' lang='lat' dir='ltr'>‘nationem&#39;</span> <span class='ocrx_word' id='word_1_87' title='bbox 1569 988 1729 1049; x_wconf 87' lang='lat' dir='ltr'>appel-</span> <span class='ocrx_word' id='word_1_88' title='bbox 1749 962 1804 1032; x_wconf 40' lang='lat' dir='ltr'>lo!</span> 
     </span>
     <span class='ocr_line' id='line_1_12' title="bbox 230 1066 1728 1130; baseline -0.002 -15"><span class='ocrx_word' id='word_1_89' title='bbox 230 1068 359 1128; x_wconf 89' lang='lat' dir='ltr'>lasti,</span> <span class='ocrx_word' id='word_1_90' title='bbox 385 1068 473 1130; x_wconf 89' lang='lat' dir='ltr'>qui</span> <span class='ocrx_word' id='word_1_91' title='bbox 496 1067 680 1129; x_wconf 82' lang='lat' dir='ltr'>integri</span> <span class='ocrx_word' id='word_1_92' title='bbox 703 1072 820 1113; x_wconf 89' lang='lat' dir='ltr'>sunt</span> <span class='ocrx_word' id='word_1_93' title='bbox 845 1074 894 1113; x_wconf 89' lang='lat' dir='ltr'>et</span> <span class='ocrx_word' id='word_1_94' title='bbox 919 1066 1030 1112; x_wconf 88' lang='lat' dir='ltr'>sani</span> <span class='ocrx_word' id='word_1_95' title='bbox 1048 1072 1098 1112; x_wconf 92' lang='lat' dir='ltr'>et</span> <span class='ocrx_word' id='word_1_96' title='bbox 1116 1067 1240 1112; x_wconf 90' lang='lat' dir='ltr'>bene</span> <span class='ocrx_word' id='word_1_97' title='bbox 1259 1066 1318 1112; x_wconf 91' lang='lat' dir='ltr'>de</span> <span class='ocrx_word' id='word_1_98' title='bbox 1335 1066 1481 1112; x_wconf 88' lang='lat' dir='ltr'>rebus</span> <span class='ocrx_word' id='word_1_99' title='bbox 1504 1066 1728 1113; x_wconf 87' lang='lat' dir='ltr'>domesti-</span> 
     </span>
     <span class='ocr_line' id='line_1_13' title="bbox 232 1134 1803 1208; baseline -0.002 -13"><span class='ocrx_word' id='word_1_100' title='bbox 232 1150 301 1195; x_wconf 89' lang='lat' dir='ltr'>cis</span> <span class='ocrx_word' id='word_1_101' title='bbox 324 1147 598 1194; x_wconf 86' lang='lat' dir='ltr'>constituti.</span> <span class='ocrx_word' id='word_1_102' title='bbox 660 1147 861 1193; x_wconf 90' lang='lat' dir='ltr'>Horum</span> <span class='ocrx_word' id='word_1_103' title='bbox 884 1146 971 1208; x_wconf 90' lang='lat' dir='ltr'>qui</span> <span class='ocrx_word' id='word_1_104' title='bbox 989 1145 1253 1203; x_wconf 88' lang='lat' dir='ltr'>voluntati,</span> <span class='ocrx_word' id='word_1_105' title='bbox 1275 1145 1554 1204; x_wconf 89' lang='lat' dir='ltr'>commodis,</span> <span class='ocrx_word' id='word_1_106' title='bbox 1576 1146 1728 1208; x_wconf 85' lang='lat' dir='ltr'>opim&#39;-</span> <span class='ocrx_word' id='word_1_107' title='bbox 1800 1134 1803 1149; x_wconf 66' lang='lat'><em>¹</em></span> 
     </span>
     <span class='ocr_line' id='line_1_14' title="bbox 231 1224 1727 1290; baseline -0.003 -14"><span class='ocrx_word' id='word_1_108' title='bbox 231 1230 408 1277; x_wconf 89' lang='lat' dir='ltr'>onibus</span> <span class='ocrx_word' id='word_1_109' title='bbox 431 1229 487 1275; x_wconf 91' lang='lat' dir='ltr'>in</span> <span class='ocrx_word' id='word_1_110' title='bbox 518 1227 840 1290; x_wconf 88' lang='lat' dir='ltr'>gubernanda</span> <span class='ocrx_word' id='word_1_111' title='bbox 870 1242 923 1272; x_wconf 93' lang='lat' dir='ltr'>re</span> <span class='ocrx_word' id='word_1_112' title='bbox 956 1225 1154 1288; x_wconf 89' lang='lat' dir='ltr'>publica</span> <span class='ocrx_word' id='word_1_113' title='bbox 1182 1224 1419 1282; x_wconf 88' lang='lat' dir='ltr'>serviunt,</span> <span class='ocrx_word' id='word_1_114' title='bbox 1454 1225 1727 1272; x_wconf 88' lang='lat' dir='ltr'>defensores</span> 
     </span>
     <span class='ocr_line' id='line_1_15' title="bbox 231 1307 1801 1374; baseline -0.004 -16"><span class='ocrx_word' id='word_1_115' title='bbox 231 1311 546 1374; x_wconf 89' lang='lat' dir='ltr'>optimatium</span> <span class='ocrx_word' id='word_1_116' title='bbox 569 1310 762 1372; x_wconf 88' lang='lat' dir='ltr'>ipsique</span> <span class='ocrx_word' id='word_1_117' title='bbox 789 1309 1052 1370; x_wconf 88' lang='lat' dir='ltr'>optimates</span> <span class='ocrx_word' id='word_1_118' title='bbox 1082 1307 1360 1368; x_wconf 87' lang='lat' dir='ltr'>gravissimi</span> <span class='ocrx_word' id='word_1_119' title='bbox 1392 1311 1442 1352; x_wconf 91' lang='lat' dir='ltr'>et</span> <span class='ocrx_word' id='word_1_120' title='bbox 1474 1307 1727 1353; x_wconf 87' lang='lat' dir='ltr'>clarissimi</span> <span class='ocrx_word' id='word_1_121' title='bbox 1799 1346 1801 1364; x_wconf 21' lang='lat' dir='ltr'>g</span> 
     </span>
     <span class='ocr_line' id='line_1_16' title="bbox 144 1371 1801 1452; baseline -0.004 -12"><span class='ocrx_word' id='word_1_122' title='bbox 144 1398 205 1446; x_wconf 87' lang='grc'>98</span> <span class='ocrx_word' id='word_1_123' title='bbox 232 1394 363 1440; x_wconf 86' lang='lat' dir='ltr'>cives</span> <span class='ocrx_word' id='word_1_124' title='bbox 408 1397 735 1439; x_wconf 88' lang='lat' dir='ltr'>numerantur</span> <span class='ocrx_word' id='word_1_125' title='bbox 781 1396 831 1437; x_wconf 92' lang='lat' dir='ltr'>et</span> <span class='ocrx_word' id='word_1_126' title='bbox 876 1389 1124 1452; x_wconf 87' lang='lat' dir='ltr'>principes</span> <span class='ocrx_word' id='word_1_127' title='bbox 1171 1388 1401 1435; x_wconf 85' lang='lat' dir='ltr'>civitatis.</span> <span class='ocrx_word' id='word_1_128' title='bbox 1475 1387 1608 1444; x_wconf 81' lang='lat' dir='ltr'>Quid</span> <span class='ocrx_word' id='word_1_129' title='bbox 1653 1394 1728 1435; x_wconf 91' lang='lat' dir='ltr'>est</span> <span class='ocrx_word' id='word_1_130' title='bbox 1750 1371 1801 1432; x_wconf 53' lang='lat' dir='ltr'>15f</span> 
     </span>
     <span class='ocr_line' id='line_1_17' title="bbox 232 1468 1799 1535; baseline -0.003 -16"><span class='ocrx_word' id='word_1_131' title='bbox 232 1473 386 1535; x_wconf 85' lang='lat' dir='ltr'>igitur</span> <span class='ocrx_word' id='word_1_132' title='bbox 399 1473 705 1535; x_wconf 90' lang='lat' dir='ltr'>propositum</span> <span class='ocrx_word' id='word_1_133' title='bbox 721 1471 799 1517; x_wconf 87' lang='lat' dir='ltr'>his</span> <span class='ocrx_word' id='word_1_134' title='bbox 817 1471 888 1517; x_wconf 90' lang='lat' dir='ltr'>rei</span> <span class='ocrx_word' id='word_1_135' title='bbox 907 1470 1134 1532; x_wconf 90' lang='lat' dir='ltr'>publicae</span> <span class='ocrx_word' id='word_1_136' title='bbox 1149 1468 1576 1531; x_wconf 85' lang='lat' dir='ltr'>gubernatoribus,</span> <span class='ocrx_word' id='word_1_137' title='bbox 1596 1469 1726 1530; x_wconf 89' lang='lat' dir='ltr'>quod</span> <span class='ocrx_word' id='word_1_138' title='bbox 1798 1478 1799 1483; x_wconf 77' lang='grc'>’</span> 
     </span>
     <span class='ocr_line' id='line_1_18' title="bbox 232 1548 1727 1615; baseline -0.005 -14"><span class='ocrx_word' id='word_1_139' title='bbox 232 1555 417 1601; x_wconf 91' lang='lat' dir='ltr'>intueri</span> <span class='ocrx_word' id='word_1_140' title='bbox 453 1559 504 1601; x_wconf 90' lang='lat' dir='ltr'>et</span> <span class='ocrx_word' id='word_1_141' title='bbox 539 1569 636 1615; x_wconf 90' lang='lat' dir='ltr'>quo</span> <span class='ocrx_word' id='word_1_142' title='bbox 674 1568 871 1599; x_wconf 88' lang='lat' dir='ltr'>cursum</span> <span class='ocrx_word' id='word_1_143' title='bbox 908 1567 1052 1598; x_wconf 90' lang='lat' dir='ltr'>suum</span> <span class='ocrx_word' id='word_1_144' title='bbox 1096 1550 1313 1611; x_wconf 81' lang='lat' dir='ltr'>derigere</span> <span class='ocrx_word' id='word_1_145' title='bbox 1355 1549 1593 1595; x_wconf 68' lang='lat' dir='ltr'>debeant?</span> <span class='ocrx_word' id='word_1_146' title='bbox 1664 1548 1727 1594; x_wconf 91' lang='lat' dir='ltr'>Id</span> 
     </span>
     <span class='ocr_line' id='line_1_19' title="bbox 231 1629 1727 1698; baseline -0.005 -16"><span class='ocrx_word' id='word_1_147' title='bbox 231 1635 362 1698; x_wconf 91' lang='lat' dir='ltr'>quod</span> <span class='ocrx_word' id='word_1_148' title='bbox 393 1640 468 1683; x_wconf 90' lang='lat' dir='ltr'>est</span> <span class='ocrx_word' id='word_1_149' title='bbox 482 1633 980 1696; x_wconf 84' lang='lat' dir='ltr'>‚praestantissimum</span> <span class='ocrx_word' id='word_1_150' title='bbox 1003 1631 1315 1692; x_wconf 84' lang='lat' dir='ltr'>maximeque</span> <span class='ocrx_word' id='word_1_151' title='bbox 1338 1629 1553 1692; x_wconf 89' lang='lat' dir='ltr'>optabile</span> <span class='ocrx_word' id='word_1_152' title='bbox 1577 1630 1727 1676; x_wconf 89' lang='lat' dir='ltr'>omni-</span> 
     </span>
     <span class='ocr_line' id='line_1_20' title="bbox 229 1710 1727 1774; baseline -0.004 -12"><span class='ocrx_word' id='word_1_153' title='bbox 229 1716 322 1762; x_wconf 89' lang='lat' dir='ltr'>bus</span> <span class='ocrx_word' id='word_1_154' title='bbox 340 1715 472 1761; x_wconf 90' lang='lat' dir='ltr'>sanis</span> <span class='ocrx_word' id='word_1_155' title='bbox 490 1719 540 1761; x_wconf 92' lang='lat' dir='ltr'>et</span> <span class='ocrx_word' id='word_1_156' title='bbox 557 1715 700 1760; x_wconf 88' lang='lat' dir='ltr'>bonis</span> <span class='ocrx_word' id='word_1_157' title='bbox 718 1719 769 1760; x_wconf 91' lang='lat' dir='ltr'>et</span> <span class='ocrx_word' id='word_1_158' title='bbox 790 1713 962 1770; x_wconf 80' lang='lat' dir='ltr'>beatiS‚</span> <span class='ocrx_word' id='word_1_159' title='bbox 985 1729 1096 1759; x_wconf 90' lang='lat' dir='ltr'>cum</span> <span class='ocrx_word' id='word_1_160' title='bbox 1116 1711 1359 1774; x_wconf 88' lang='lat' dir='ltr'>dignitate</span> <span class='ocrx_word' id='word_1_161' title='bbox 1383 1711 1551 1758; x_wconf 90' lang='lat' dir='ltr'>otium.</span> <span class='ocrx_word' id='word_1_162' title='bbox 1615 1710 1727 1757; x_wconf 92' lang='lat' dir='ltr'>Hoc</span> 
     </span>
     <span class='ocr_line' id='line_1_21' title="bbox 230 1790 1728 1858; baseline -0.003 -17"><span class='ocrx_word' id='word_1_163' title='bbox 230 1796 318 1858; x_wconf 90' lang='lat' dir='ltr'>qui</span> <span class='ocrx_word' id='word_1_164' title='bbox 340 1795 532 1851; x_wconf 83' lang='lat' dir='ltr'>volunt,</span> <span class='ocrx_word' id='word_1_165' title='bbox 558 1810 726 1840; x_wconf 88' lang='lat' dir='ltr'>omnes</span> <span class='ocrx_word' id='word_1_166' title='bbox 750 1794 1026 1856; x_wconf 89' lang='lat' dir='ltr'>optimates,</span> <span class='ocrx_word' id='word_1_167' title='bbox 1053 1793 1141 1855; x_wconf 92' lang='lat' dir='ltr'>qui</span> <span class='ocrx_word' id='word_1_168' title='bbox 1169 1792 1400 1850; x_wconf 88' lang='lat' dir='ltr'>efficiunt,</span> <span class='ocrx_word' id='word_1_169' title='bbox 1427 1791 1605 1838; x_wconf 87' lang='lat' dir='ltr'>summi</span> <span class='ocrx_word' id='word_1_170' title='bbox 1629 1790 1728 1837; x_wconf 86' lang='lat' dir='ltr'>viri</span> 
     </span>
     <span class='ocr_line' id='line_1_22' title="bbox 224 1871 1724 1935; baseline -0.003 -14"><span class='ocrx_word' id='word_1_171' title='bbox 224 1872 282 1922; x_wconf 81' lang='lat' dir='ltr'>et</span> <span class='ocrx_word' id='word_1_172' title='bbox 340 1879 707 1921; x_wconf 84' lang='lat' dir='ltr'>conservatores</span> <span class='ocrx_word' id='word_1_173' title='bbox 764 1873 982 1920; x_wconf 84' lang='lat' dir='ltr'>civitatis</span> <span class='ocrx_word' id='word_1_174' title='bbox 1034 1878 1287 1935; x_wconf 89' lang='lat' dir='ltr'>putantur.</span> <span class='ocrx_word' id='word_1_175' title='bbox 1369 1872 1547 1933; x_wconf 90' lang='lat' dir='ltr'>Neque</span> <span class='ocrx_word' id='word_1_176' title='bbox 1595 1871 1724 1917; x_wconf 89' lang='lat' dir='ltr'>enim</span> 
     </span>
     <span class='ocr_line' id='line_1_23' title="bbox 229 1952 1725 2018; baseline -0.003 -16"><span class='ocrx_word' id='word_1_177' title='bbox 229 1972 395 2005; x_wconf 83' lang='lat' dir='ltr'>rerum</span> <span class='ocrx_word' id='word_1_178' title='bbox 425 1955 749 2018; x_wconf 88' lang='lat' dir='ltr'>gerendarum</span> <span class='ocrx_word' id='word_1_179' title='bbox 783 1955 1027 2017; x_wconf 89' lang='lat' dir='ltr'>dignitate</span> <span class='ocrx_word' id='word_1_180' title='bbox 1061 1954 1285 2000; x_wconf 86' lang='lat' dir='ltr'>homines</span> <span class='ocrx_word' id='word_1_181' title='bbox 1318 1953 1489 1999; x_wconf 87' lang='lat' dir='ltr'>ecferri</span> <span class='ocrx_word' id='word_1_182' title='bbox 1520 1952 1594 1998; x_wconf 89' lang='lat' dir='ltr'>ita</span> <span class='ocrx_word' id='word_1_183' title='bbox 1618 1968 1725 1998; x_wconf 89' lang='lat' dir='ltr'>con-</span> 
     </span>
     <span class='ocr_line' id='line_1_24' title="bbox 230 2025 1798 2098; baseline -0.002 -15"><span class='ocrx_word' id='word_1_184' title='bbox 230 2037 382 2094; x_wconf 86' lang='lat' dir='ltr'>venit,</span> <span class='ocrx_word' id='word_1_185' title='bbox 411 2042 470 2083; x_wconf 89' lang='lat' dir='ltr'>ut</span> <span class='ocrx_word' id='word_1_186' title='bbox 493 2036 594 2083; x_wconf 93' lang='lat' dir='ltr'>otio</span> <span class='ocrx_word' id='word_1_187' title='bbox 619 2052 720 2082; x_wconf 93' lang='lat' dir='ltr'>non</span> <span class='ocrx_word' id='word_1_188' title='bbox 744 2036 1060 2098; x_wconf 90' lang='lat' dir='ltr'>prospiciant,</span> <span class='ocrx_word' id='word_1_189' title='bbox 1090 2050 1250 2097; x_wconf 91' lang='lat' dir='ltr'>neque</span> <span class='ocrx_word' id='word_1_190' title='bbox 1274 2035 1430 2082; x_wconf 90' lang='lat' dir='ltr'>ullum</span> <span class='ocrx_word' id='word_1_191' title='bbox 1454 2034 1726 2096; x_wconf 83' lang='lat' dir='ltr'>amplexari</span> <span class='ocrx_word' id='word_1_192' title='bbox 1792 2025 1798 2058; x_wconf 57' lang='lat'>7</span> 
     </span>
    </p>
   </div>
   <div class='ocr_carea' id='block_1_3' title="bbox 229 2111 1793 2260">
    <p class='ocr_par' dir='ltr' id='par_1_3' title="bbox 229 2111 1793 2260">
     <span class='ocr_line' id='line_1_25' title="bbox 229 2111 1793 2244; baseline -0.002 -79"><span class='ocrx_word' id='word_1_193' title='bbox 229 2117 400 2176; x_wconf 89' lang='lat' dir='ltr'>otium,</span> <span class='ocrx_word' id='word_1_194' title='bbox 428 2117 558 2179; x_wconf 91' lang='lat' dir='ltr'>quod</span> <span class='ocrx_word' id='word_1_195' title='bbox 582 2116 842 2244; x_wconf 40' lang='lat' dir='ltr'>abporreat</span> <span class='ocrx_word' id='word_1_196' title='bbox 865 2133 895 2163; x_wconf 89' lang='lat' dir='ltr'>a</span> <span class='ocrx_word' id='word_1_197' title='bbox 918 2117 1177 2180; x_wconf 89' lang='lat' dir='ltr'>dignitate.</span> <span class='ocrx_word' id='word_1_198' title='bbox 1792 2111 1793 2143; x_wconf 65' lang='lat'><em>³</em></span> 
     </span>
     <span class='ocr_line' id='line_1_26' title="bbox 331 2187 1792 2260; baseline 0 -17"><span class='ocrx_word' id='word_1_199' title='bbox 331 2197 548 2252; x_wconf 67' lang='lat' dir='ltr'>XLVI„</span> <span class='ocrx_word' id='word_1_200' title='bbox 656 2191 769 2244; x_wconf 88' lang='lat' dir='ltr'>uius</span> <span class='ocrx_word' id='word_1_201' title='bbox 793 2187 960 2244; x_wconf 81' lang='lat' dir='ltr'>autem</span> <span class='ocrx_word' id='word_1_202' title='bbox 983 2197 1167 2244; x_wconf 84' lang='lat' dir='ltr'>otiosae</span> <span class='ocrx_word' id='word_1_203' title='bbox 1192 2197 1452 2260; x_wconf 86' lang='lat' dir='ltr'>dignitatis</span> <span class='ocrx_word' id='word_1_204' title='bbox 1474 2196 1594 2244; x_wconf 87' lang='lat' dir='ltr'>haec</span> <span class='ocrx_word' id='word_1_205' title='bbox 1617 2197 1726 2243; x_wconf 83' lang='lat' dir='ltr'>fun·</span> <span class='ocrx_word' id='word_1_206' title='bbox 1790 2207 1792 2211; x_wconf 83' lang='grc'>’</span> 
     </span>
    </p>
   </div>
   <div class='ocr_carea' id='block_1_4' title="bbox 145 2277 1791 2822">
    <p class='ocr_par' dir='ltr' id='par_1_4' title="bbox 145 2277 1791 2822">
     <span class='ocr_line' id='line_1_27' title="bbox 230 2277 1790 2339; baseline -0.001 -14"><span class='ocrx_word' id='word_1_207' title='bbox 230 2279 460 2325; x_wconf 86' lang='lat' dir='ltr'>damenta</span> <span class='ocrx_word' id='word_1_208' title='bbox 483 2282 614 2336; x_wconf 89' lang='lat' dir='ltr'>sunt,</span> <span class='ocrx_word' id='word_1_209' title='bbox 641 2277 765 2323; x_wconf 91' lang='lat' dir='ltr'>haec</span> <span class='ocrx_word' id='word_1_210' title='bbox 790 2278 1022 2335; x_wconf 89' lang='lat' dir='ltr'>membra,</span> <span class='ocrx_word' id='word_1_211' title='bbox 1053 2293 1177 2339; x_wconf 91' lang='lat' dir='ltr'>quae</span> <span class='ocrx_word' id='word_1_212' title='bbox 1205 2277 1392 2323; x_wconf 86' lang='lat' dir='ltr'>tuenda</span> <span class='ocrx_word' id='word_1_213' title='bbox 1422 2277 1725 2339; x_wconf 85' lang='lat' dir='ltr'>principibus</span> <span class='ocrx_word' id='word_1_214' title='bbox 1788 2336 1790 2338; x_wconf 21' lang='grc' dir='ltr'>Ι</span> 
     </span>
     <span class='ocr_line' id='line_1_28' title="bbox 229 2341 1791 2419; baseline -0.002 -13"><span class='ocrx_word' id='word_1_215' title='bbox 229 2363 280 2406; x_wconf 88' lang='lat' dir='ltr'>et</span> <span class='ocrx_word' id='word_1_216' title='bbox 302 2358 381 2404; x_wconf 90' lang='lat' dir='ltr'>vel</span> <span class='ocrx_word' id='word_1_217' title='bbox 405 2357 579 2419; x_wconf 88' lang='lat' dir='ltr'>capitis</span> <span class='ocrx_word' id='word_1_218' title='bbox 606 2356 820 2418; x_wconf 90' lang='lat' dir='ltr'>periculo</span> <span class='ocrx_word' id='word_1_219' title='bbox 839 2357 1144 2403; x_wconf 89' lang='lat' dir='ltr'>defendenda</span> <span class='ocrx_word' id='word_1_220' title='bbox 1164 2362 1282 2403; x_wconf 90' lang='lat' dir='ltr'>sunt</span> <span class='ocrx_word' id='word_1_221' title='bbox 1289 2373 1303 2416; x_wconf 83' lang='lat'>3</span> <span class='ocrx_word' id='word_1_222' title='bbox 1327 2356 1600 2418; x_wconf 89' lang='lat' dir='ltr'>religiones,</span> <span class='ocrx_word' id='word_1_223' title='bbox 1620 2373 1725 2403; x_wconf 84' lang='lat' dir='ltr'>aus·</span> <span class='ocrx_word' id='word_1_224' title='bbox 1786 2341 1791 2381; x_wconf 80' lang='lat'>;&#39;</span> 
     </span>
     <span class='ocr_line' id='line_1_29' title="bbox 228 2438 1723 2505; baseline -0.001 -19"><span class='ocrx_word' id='word_1_225' title='bbox 228 2439 369 2502; x_wconf 89' lang='lat' dir='ltr'>picia,</span> <span class='ocrx_word' id='word_1_226' title='bbox 418 2443 688 2500; x_wconf 87' lang='lat' dir='ltr'>potestates</span> <span class='ocrx_word' id='word_1_227' title='bbox 742 2440 1139 2505; x_wconf 57' lang='lat' dir='ltr'>magistratuum,</span> <span class='ocrx_word' id='word_1_228' title='bbox 1190 2442 1389 2484; x_wconf 79' lang='lat' dir='ltr'>senatus</span> <span class='ocrx_word' id='word_1_229' title='bbox 1444 2438 1723 2494; x_wconf 85' lang='lat' dir='ltr'>auctoritas,</span> 
     </span>
     <span class='ocr_line' id='line_1_30' title="bbox 229 2518 1725 2582; baseline -0.001 -16"><span class='ocrx_word' id='word_1_230' title='bbox 229 2521 375 2582; x_wconf 90' lang='lat' dir='ltr'>leges,</span> <span class='ocrx_word' id='word_1_231' title='bbox 399 2535 505 2565; x_wconf 87' lang='lat' dir='ltr'>mos</span> <span class='ocrx_word' id='word_1_232' title='bbox 528 2519 781 2577; x_wconf 86' lang='lat' dir='ltr'>maiorum,</span> <span class='ocrx_word' id='word_1_233' title='bbox 809 2519 1008 2576; x_wconf 91' lang='lat' dir='ltr'>iudicia,</span> <span class='ocrx_word' id='word_1_234' title='bbox 1037 2519 1161 2565; x_wconf 92' lang='lat' dir='ltr'>iuris</span> <span class='ocrx_word' id='word_1_235' title='bbox 1185 2519 1351 2575; x_wconf 92' lang='lat' dir='ltr'>dictio,</span> <span class='ocrx_word' id='word_1_236' title='bbox 1372 2518 1504 2576; x_wconf 89' lang='lat' dir='ltr'>fides,</span> <span class='ocrx_word' id='word_1_237' title='bbox 1532 2518 1725 2579; x_wconf 86' lang='lat' dir='ltr'>provin-</span> 
     </span>
     <span class='ocr_line' id='line_1_31' title="bbox 145 2598 1726 2661; baseline -0.003 -13"><span class='ocrx_word' id='word_1_238' title='bbox 145 2608 205 2656; x_wconf 85' lang='lat'>99</span> <span class='ocrx_word' id='word_1_239' title='bbox 231 2602 346 2659; x_wconf 91' lang='lat' dir='ltr'>ciae,</span> <span class='ocrx_word' id='word_1_240' title='bbox 364 2600 495 2658; x_wconf 83' lang='lat' dir='ltr'>socii,</span> <span class='ocrx_word' id='word_1_241' title='bbox 513 2601 710 2661; x_wconf 88' lang='lat' dir='ltr'>imperii</span> <span class='ocrx_word' id='word_1_242' title='bbox 725 2601 846 2657; x_wconf 86' lang='lat' dir='ltr'>laus,</span> <span class='ocrx_word' id='word_1_243' title='bbox 862 2615 940 2646; x_wconf 91' lang='lat' dir='ltr'>res</span> <span class='ocrx_word' id='word_1_244' title='bbox 954 2599 1201 2657; x_wconf 88' lang='lat' dir='ltr'>militaris,</span> <span class='ocrx_word' id='word_1_245' title='bbox 1220 2599 1477 2645; x_wconf 87' lang='lat' dir='ltr'>aerarium.</span> <span class='ocrx_word' id='word_1_246' title='bbox 1528 2598 1726 2645; x_wconf 89' lang='lat' dir='ltr'>Harum</span> 
     </span>
     <span class='ocr_line' id='line_1_32' title="bbox 231 2679 1720 2741; baseline -0.001 -13"><span class='ocrx_word' id='word_1_247' title='bbox 231 2697 395 2728; x_wconf 91' lang='lat' dir='ltr'>rerum</span> <span class='ocrx_word' id='word_1_248' title='bbox 413 2686 490 2727; x_wconf 91' lang='lat' dir='ltr'>tot</span> <span class='ocrx_word' id='word_1_249' title='bbox 507 2685 655 2741; x_wconf 85' lang='lat' dir='ltr'>atque</span> <span class='ocrx_word' id='word_1_250' title='bbox 680 2684 934 2726; x_wconf 87' lang='lat' dir='ltr'>tantarum</span> <span class='ocrx_word' id='word_1_251' title='bbox 951 2695 1053 2725; x_wconf 90' lang='lat' dir='ltr'>esse</span> <span class='ocrx_word' id='word_1_252' title='bbox 1070 2679 1372 2726; x_wconf 87' lang='lat' dir='ltr'>defensorem</span> <span class='ocrx_word' id='word_1_253' title='bbox 1392 2684 1442 2725; x_wconf 91' lang='lat' dir='ltr'>et</span> <span class='ocrx_word' id='word_1_254' title='bbox 1459 2685 1720 2741; x_wconf 87' lang='lat' dir='ltr'>patronum</span> 
     </span>
     <span class='ocr_line' id='line_1_33' title="bbox 230 2757 1719 2822; baseline -0.001 -15"><span class='ocrx_word' id='word_1_255' title='bbox 230 2760 397 2822; x_wconf 86' lang='lat' dir='ltr'>magni</span> <span class='ocrx_word' id='word_1_256' title='bbox 415 2759 570 2806; x_wconf 88' lang='lat' dir='ltr'>animi</span> <span class='ocrx_word' id='word_1_257' title='bbox 587 2763 674 2816; x_wconf 89' lang='lat' dir='ltr'>est,</span> <span class='ocrx_word' id='word_1_258' title='bbox 693 2758 859 2819; x_wconf 89' lang='lat' dir='ltr'>magni</span> <span class='ocrx_word' id='word_1_259' title='bbox 876 2757 1063 2820; x_wconf 89' lang='lat' dir='ltr'>ingenii</span> <span class='ocrx_word' id='word_1_260' title='bbox 1085 2774 1385 2820; x_wconf 89' lang='lat' dir='ltr'>magnaeque</span> <span class='ocrx_word' id='word_1_261' title='bbox 1403 2759 1719 2806; x_wconf 83' lang='lat' dir='ltr'>constantiae.</span> 
     </span>
    </p>
   </div>
   <div class='ocr_carea' id='block_1_5' title="bbox 1741 380 1812 2950">
    <p class='ocr_par' dir='ltr' id='par_1_5' title="bbox 1741 380 1812 2950">
     <span class='ocr_line' id='line_1_34' title="bbox 1798 380 1812 678; baseline 0 -121"><span class='ocrx_word' id='word_1_262' title='bbox 1798 380 1812 678; x_wconf 95' lang='lat' dir='ltr'>  </span> 
     </span>
     <span class='ocr_line' id='line_1_35' title="bbox 1796 678 1812 1091; baseline 0 -59"><span class='ocrx_word' id='word_1_263' title='bbox 1796 678 1812 1091; x_wconf 95' lang='lat' dir='ltr'>    </span> 
     </span>
     <span class='ocr_line' id='line_1_36' title="bbox 1741 1091 1812 2717; baseline 0 0"><span class='ocrx_word' id='word_1_264' title='bbox 1741 1091 1812 2717; x_wconf 95' lang='lat' dir='ltr'>   </span> 
     </span>
     <span class='ocr_line' id='line_1_37' title="bbox 1741 2717 1812 2950; baseline 0 -173"><span class='ocrx_word' id='word_1_265' title='bbox 1741 2717 1812 2950; x_wconf 95' lang='lat' dir='ltr'>   </span> 
     </span>
    </p>
   </div>
   <div class='ocr_carea' id='block_1_6' title="bbox 1783 2732 1787 2762">
    <p class='ocr_par' dir='ltr' id='par_1_6' title="bbox 1783 2732 1787 2762">
     <span class='ocr_line' id='line_1_38' title="bbox 1783 2732 1787 2762; baseline 0 0"><span class='ocrx_word' id='word_1_266' title='bbox 1783 2732 1787 2762; x_wconf 68' lang='lat'><strong><em>⁴</em></strong></span> 
     </span>
    </p>
   </div>
  </div>
 </body>
</html>
