1812 2950
212 154 351 203 PRO
386 154 442 202 P.
480 151 725 202 SESTIO
763 152 1023 226 ORATIO
1057 154 1102 214 gg
1141 154 1401 202 101—105
1495 157 1553 202 51

61 284 291 332 titudinis
315 290 364 331 et
388 283 597 331 tabellae
621 283 871 330 licentiam
899 282 1321 345 pertimescebant.
1401 282 1560 344 Agra-

63 364 185 413 riam
211 365 282 411 Ti.
313 364 562 411 Gracchus
586 363 742 425 legem
765 362 970 410 ferebat.
1045 361 1202 409 Grata
1226 369 1332 409 erat
1356 364 1560 425 popu103

1 488 3 506 4
63 444 290 492 fortunae
313 443 550 491 constitui
573 443 855 491 tenuiorum
877 443 1188 490 videbantur.
1253 443 1562 490 Nitebamur

2 539 3 542 ’
63 530 232 573 contra
250 526 525 587 optimateS,
544 524 675 587 quod
695 530 746 571 et
764 524 1059 571 discordiam
1078 524 1287 571 excitari
1311 526 1559 583 videbant,

21 620 43 656 ι
63 609 126 664 et,
146 621 257 651 cum
276 605 543 667 locupletes
559 603 944 666 possessionibus
962 604 1212 650 diuturnis
1230 596 1560 662 moverentur,

4 703 7 736 ε
63 685 261 748 spoliari
284 701 383 730 rem
410 683 657 747 publicam
691 683 1141 746 propugnatoribus
1174 684 1558 732 arbitrabantur.

0 764 8 806 l*
62 766 457 814 Frumentariam
473 765 631 827 legem
647 764 698 812 G.
721 764 970 811 Gracchus
988 764 1192 812 ferebat.
1244 765 1470 812 Iucunda
1485 781 1562 812 res

8 887 9 902 ,
61 848 220 911 plebei
229 865 243 907 3
278 847 440 894 victus
471 847 602 893 enim
633 847 1042 909 suppeditabatur
1073 846 1206 909 large
1238 847 1344 893 sine
1381 847 1556 893 labore.

8 923 9 957 3
63 928 430 990 Repugnabant
467 927 595 986 boni,
633 926 765 988 quod
801 932 852 973 et
886 927 950 972 ab
984 926 1232 973 industria
1266 927 1457 988 plebem
1498 927 1561 974 ad

10 1021 43 1056 to
63 1009 298 1056 desidiam
323 1009 516 1056 avocari
545 1009 789 1070 putabant
813 1013 863 1054 et
887 1007 1131 1055 aerarium
1154 1007 1408 1054 exhauriri
1431 1009 1562 1054 vide-

10 1075 13 1152 }
64 1088 196 1134 bant.
251 1086 450 1134 XLIX.
489 1086 656 1132 Multa
681 1079 830 1132 etiam
850 1091 1021 1132 nostra
1038 1087 1288 1145 memoria,
1309 1103 1436 1149 quae
1453 1104 1563 1134 con-

12 1155 13 1186 ἶ
63 1168 192 1216 sulto
215 1173 481 1230 praetereO,
502 1168 708 1214 fuerunt
731 1168 786 1213 in
809 1183 866 1213 ea
890 1167 1218 1225 contentione,
1237 1172 1296 1213 ut
1348 1167 1563 1230 epularis

12 1260 15 1315 ξ
64 1250 306 1313 cupiditas
338 1267 368 1296 a
400 1249 602 1296 consilio
634 1248 914 1311 principum
947 1248 1215 1295 dissideret.
1247 1184 1439 1309 &unc
1462 1249 1561 1294 iam
1588 1250 1683 1299 104

14 1320 15 1330 ἶ
63 1331 188 1378 nihil
213 1337 303 1391 est,
333 1332 464 1393 quod
495 1331 707 1393 populus
739 1346 769 1376 a
801 1330 1005 1377 delectis
1036 1330 1438 1392 principibusque
1470 1331 1564 1377 dis-

15 1422 45 1464 {fl
62 1412 269 1461 sentiat:
304 1428 394 1459 nec
417 1412 608 1474 flagitat
640 1427 744 1457 rem
773 1411 927 1457 ullam
950 1426 1110 1473 neque
1134 1426 1374 1457 novarum
1397 1427 1564 1457 rerum

63 1499 138 1542 est
160 1494 368 1556 cupidus
393 1499 442 1541 et
467 1495 568 1541 otio
593 1510 681 1540 suo
705 1499 757 1540 et
780 1494 1022 1556 dignitate
1046 1493 1222 1556 optimi
1254 1494 1490 1556 cuiusque
1513 1500 1564 1542 et

62 1576 323 1622 universae
359 1576 431 1623 rei
465 1576 691 1639 publicae
725 1575 882 1638 gloria
913 1575 1200 1622 delectatur.
1272 1575 1452 1638 Itaque
1483 1576 1566 1623 ho-

20 1702 21 1706 ,
64 1658 222 1704 mines
246 1658 466 1704 seditiosi
489 1673 545 1703 ac
567 1656 858 1715 turbulenti,
885 1656 1003 1719 quia
1025 1656 1165 1702 nulla
1187 1656 1286 1702 iam
1304 1657 1566 1720 largitione

0 1759 1 1762 ¹
64 1738 298 1800 populum
341 1739 623 1785 Romanum
669 1738 915 1784 concitare
960 1744 1181 1800 possunt,
1224 1738 1355 1800 quod
1401 1739 1567 1801 plebes

22 1834 47 1869 u
66 1819 325 1882 perfuncta
354 1820 658 1883 gravissimis
690 1818 1017 1866 seditionibus
1040 1836 1096 1866 ac
1121 1819 1377 1867 discordiis
1409 1820 1567 1867 otium

24 1922 26 1971 ζ
66 1900 708 1978 αωΡΙθΧᾶἠιιῃέοοηᾰιιοὺᾶε
759 1900 943 1947 habent
999 1900 1250 1947 contiones
1303 1918 1462 1964 neque
1515 1903 1567 1949 id

24 1997 27 2022 τ
66 1986 220 2044 agunt
244 1987 302 2027 ut
327 1998 384 2028 ea
407 1981 576 2028 dicant
599 1987 686 2028 aut
717 1981 898 2039 ferant,
925 1998 1051 2044 quae
1082 1982 1158 2028 illi
1189 1984 1348 2030 velint
1380 1984 1566 2044 audire,

67 2062 155 2124 qui
176 2062 230 2109 in
254 2061 482 2109 contione
506 2067 637 2122 sunt,
665 2063 750 2109 sed
773 2064 934 2125 pretio
959 2079 1014 2109 ac
1039 2064 1258 2111 mercede
1290 2065 1566 2127 perficiunt,

8 2150 30 2206 'fi
68 2148 128 2190 ut
171 2143 412 2206 quidquid
453 2143 635 2201 dicant,
678 2143 730 2189 id
775 2143 851 2189 illi
897 2143 1026 2191 velle
1071 2144 1242 2191 audire
1288 2147 1568 2194 videantur.

69 2222 207 2270 Num
242 2239 328 2270 vos
371 2222 669 2270 existimatis
711 2222 956 2269 Gracchos
991 2229 1080 2270 aut
1116 2224 1443 2272 Saturninum
1465 2233 1571 2279 „aut
1597 2229 1687 2277 105

70 2319 362 2367 quemquam
382 2304 582 2351 illorum
602 2309 841 2363 veterum,
864 2305 950 2367 qui
969 2306 1228 2368 populares
1243 2307 1568 2368 habebantur,

72 2385 230 2431 ullum
249 2401 482 2447 umquam
498 2386 552 2430 in
567 2384 796 2432 contione
810 2385 908 2431 hab
915 2386 1041 2433 uisse
1056 2387 1378 2436 conductum?
1409 2389 1571 2437 Nemo

34 2521 35 2527 ἵ
72 2464 246 2512 habuit
253 2483 266 2526 3
300 2466 408 2527 ipsa
439 2466 571 2512 enim
602 2465 802 2528 largitio
834 2471 885 2513 et
917 2483 1026 2529 spes
1058 2469 1301 2516 commodi
1332 2470 1572 2533 propositi

35 2572 38 2598 ι
73 2545 178 2592 sine
217 2547 437 2593 mercede
471 2546 574 2593 ulla
612 2547 987 2594 multitudinem
1029 2549 1321 2598 concitabat.
1394 2550 1572 2613 Itaque

74 2627 374 2689 temporibus
407 2627 506 2674 illis
538 2629 624 2690 qui
658 2629 918 2691 populares
951 2636 1107 2691 erant,
1146 2631 1464 2678 offendebant
1498 2633 1572 2679 illi

35 2771 38 2781 ι
75 2707 272 2769 quidem
305 2708 435 2770 apud
466 2709 631 2771 gravis
662 2716 713 2756 et
743 2709 973 2762 honestos
1007 2711 1243 2771 homines,
1282 2713 1367 2760 sed
1402 2713 1573 2776 populi

39 2804 41 2864 }
76 2786 270 2835 iudiciis
304 2793 453 2862 atque
489 2790 624 2836 omni
650 2790 1017 2853 significatione
1054 2792 1308 2840 florebant.
1382 2793 1482 2840 His
1518 2794 1573 2840 in

1309 2890 1437 2937 4-2
