1812 2950
766 139 824 188 N
824 139 996 188 OTES
1558 141 1622 190 89

203 275 246 313 P.
267 278 305 318 6,
331 272 360 311 1.
383 273 421 311 1.
477 282 557 320 per
581 281 628 311 se
654 269 818 319 ipsum]
854 268 887 307 it
915 267 953 308 is
979 267 1120 308 better
1145 272 1191 308 to
1218 268 1318 308 take
1352 271 1488 319 ipsum
1519 269 1626 310 with

121 325 197 367 the
215 325 379 376 subJ'ect
397 330 596 365 senatum.
655 323 732 362 See
751 322 890 362 Kenn.
911 321 987 362 Gr.
1007 333 1050 372 p.
1072 322 1151 361 288
1172 320 1258 361 and
1277 321 1331 363 cf.
1355 324 1377 372 5
1399 323 1450 362 13
1470 322 1500 362 1.
1521 324 1588 365 29.

200 398 230 439 1.
262 399 300 438 3.
356 401 550 447 periculo
577 397 674 447 suo]
704 401 714 419 ⁴
729 397 775 436 at
803 395 894 436 risk
912 397 958 436 to
978 394 1268 445 themselves,’
1288 394 1370 436 abl.
1394 396 1439 435 of
1457 396 1625 437 attend-

122 454 200 547 ant
216 451 572 556 §cigffl-mstances,
602 450 726 500 Roby
752 449 823 491 Gr.
845 461 881 489 11
909 449 1030 497 1242,
1051 448 1192 489 Madv.
1214 449 1288 490 Gr.
1307 452 1329 500 5
1349 450 1441 500 277,
1466 450 1626 502 Zumpt

200 590 230 630 1.
260 591 300 630 5.
355 593 428 630 hic
457 600 537 638 ego
569 591 675 637 quid
705 588 969 638 praedicem]
998 587 1051 627 cf.
1078 589 1100 637 5
1126 588 1151 627 8
1181 593 1229 626 ut
1254 599 1338 637 eqo
1360 589 1623 639 interpretor,

122 646 144 694 5
166 644 217 684 16
236 649 285 684 ut
303 656 385 695 eqo
405 644 600 690 arbitror,
625 645 646 691 5
669 643 719 683 17
741 644 884 682 hocine
903 648 951 681 ut
970 653 1054 692 eyo
1080 643 1242 682 nomine
1262 643 1476 693 appellem.

198 726 435 779 hic]=hoc
454 725 580 772 loco,
603 729 612 747 ‘
630 723 783 764 atthis
801 723 956 775 point.’

199 807 229 847 1.
250 806 288 846 6.
346 808 566 847 consulem
586 804 811 855 quaestor]
841 804 1015 844 observe
1035 803 1108 844 the
1127 803 1444 854 juxtaposition
1462 804 1509 844 of
1524 816 1621 845 con-

119 860 281 902 trasted
300 860 450 900 words,
560 862 618 900 ad
634 870 728 899 rem
746 859 1005 910 gerendam]
1041 861 1051 879 ‘
1065 860 1110 897 to
1130 859 1225 909 give
1244 858 1406 899 battle.’

198 941 228 981 l.
249 942 287 982 8.
347 940 820 990 n1m1um...metuent1]
839 939 1026 979 latenter
1045 937 1256 989 significat
1274 938 1514 979 Antonium
1533 952 1623 980 non

119 994 306 1036 alienum
319 1006 344 1034 a
357 993 593 1034 coniuratis
604 992 749 1040 fuisse,
765 993 838 1043 qui
851 1005 876 1032 a
887 1005 1032 1044 pugna
1044 1005 1221 1043 prorsus
1236 992 1493 1034 abhorreret.
1518 1005 1621 1034 MAN.

198 1079 468 1111 communem
506 1072 694 1109 Martem
731 1071 837 1108 belli
876 1069 1130 1120 casumque]
1185 1071 1195 1089 ‘
1213 1067 1288 1108 the
1327 1068 1499 1109 fortune
1535 1069 1623 1111 and

117 1123 298 1164 chances
318 1123 364 1162 of
378 1122 497 1163 war.'
552 1123 670 1162 Mars
691 1134 778 1162 was
801 1122 936 1161 called
954 1124 1176 1162 communis
1200 1123 1422 1173 ‘neutraL’
1441 1123 1622 1165 because

117 1177 174 1217 he
202 1176 404 1217 favoured
430 1177 673 1216 sometimes
694 1188 787 1223 one,
809 1176 1056 1215 sometimes
1075 1176 1150 1216 the
1170 1176 1294 1217 other
1314 1177 1414 1219 side.
1476 1178 1623 1219 Hence

116 1231 191 1272 the
238 1231 402 1282 epithet
450 1230 786 1280 ἀλλοπρόσαλλος
831 1230 972 1270 which
1008 1231 1170 1270 Homer
1207 1230 1372 1282 applies
1409 1233 1455 1271 to
1484 1232 1620 1284 Ἄρης,

117 1285 203 1326 and
233 1283 344 1334 ξυνὸς
368 1287 415 1324 to
444 1284 663 1331 Ἐνυάλιος,
695 1284 747 1323 Il.
784 1285 847 1332 18,
875 1285 968 1326 309.
1027 1284 1090 1326 Cf.
1122 1294 1182 1324 or.
1209 1297 1250 1336 p.
1278 1285 1370 1325 Mil.
1395 1287 1417 1335 ἓ
1443 1285 1495 1326 56
1514 1288 1621 1327 adde

117 1352 251 1386 casu-3,
268 1340 372 1379 adde
392 1341 571 1379 incertos
587 1340 722 1378 exitus
735 1351 975 1390 puynarum
988 1340 1292 1390 Martemque
1313 1352 1619 1388 communem,

118 1405 177 1434 or.
199 1392 310 1434 Phil.
331 1405 359 1432 x
386 1396 408 1443 5
433 1394 498 1442 20,
529 1391 622 1432 Liv.
643 1405 735 1431 Χῖαι
764 1393 828 1442 14,
853 1392 971 1432 Verr.
991 1405 1018 1431 v
1043 1395 1065 1442 5
1094 1393 1184 1442 132,
1209 1405 1274 1443 ep.
1305 1393 1359 1434 ad
1385 1393 1488 1434 fam.
1507 1406 1552 1434 vr
1579 1395 1619 1443 4,

119 1448 142 1487 1
174 1460 265 1487 cum
298 1449 427 1487 omnis
463 1448 584 1486 belli
619 1449 758 1486 Mars
791 1448 1058 1486 communis
1089 1452 1128 1486 et
1161 1459 1253 1487 cum
1283 1460 1439 1499 semper
1466 1449 1621 1489 incerti

117 1503 252 1542 exitus
267 1502 521 1552 proeliorum
539 1503 637 1540 sint.
679 1501 733 1540 In
752 1500 827 1540 the
847 1500 898 1540 de
918 1503 1024 1542 orat.
1050 1512 1103 1540 111
1123 1503 1144 1550 5
1166 1501 1244 1543 167
1264 1501 1470 1552 speaking
1488 1503 1533 1542 of
1546 1502 1621 1544 the

117 1556 252 1605 figure
269 1558 519 1605 metonymy
537 1555 591 1594 he
613 1566 735 1605 says:
765 1556 907 1604 yravis
929 1560 988 1594 est
1007 1555 1148 1594 modus
1171 1555 1472 1606 (traductionis
1492 1559 1620 1607 atque

117 1608 448 1662 immutationis)
480 1611 528 1648 in
555 1615 706 1648 ornatu.
738 1610 940 1648 orationis
972 1615 1012 1648 et
1041 1621 1161 1660 saepe
1193 1611 1428 1658 sumendus.
1457 1623 1509 1650 erc
1541 1624 1619 1662 quo

116 1676 261 1714 yenere
293 1665 391 1703 haec
425 1669 534 1712 sunt,
570 1664 784 1702 Martem
818 1664 939 1702 belli
973 1675 1054 1702 esse
1086 1676 1396 1714 communem,
1437 1664 1621 1705 Cererem

110 1726 191 1769 pro
212 1718 423 1769 fruyibus,
455 1717 651 1756 Liberum
678 1718 887 1767 appellare
910 1729 990 1767 pro
1017 1718 1127 1758 vino.
1191 1718 1373 1757 Observe
1398 1718 1497 1758 that
1523 1720 1620 1759 belli

117 1771 155 1811 is
182 1774 228 1811 to
255 1771 308 1811 be
335 1770 466 1810 taken
489 1771 580 1811 also
608 1769 712 1810 with
741 1783 880 1810 casum
893 1785 909 1817 ;
941 1770 994 1812 cf.
1016 1770 1112 1811 Liv.
1131 1783 1214 1811 vm
1233 1772 1299 1819 31,
1323 1772 1347 1811 5
1366 1773 1476 1823 quod
1495 1774 1619 1813 belli

117 1837 263 1865 casus
275 1825 424 1876 ferunt
443 1826 684 1876 Marsque
705 1826 941 1864 communis.

196 1908 225 1950 1.
250 1909 289 1949 9.
344 1911 526 1956 longum
556 1909 641 1959 est]
683 1907 743 1948 ‘it
774 1907 914 1947 would
944 1908 995 1947 be
1029 1921 1054 1948 a
1084 1909 1186 1957 long
1212 1908 1460 1957 business3’
1499 1908 1619 1960 Roby

119 1961 204 2003 sch.
231 1961 303 2001 Gr.
326 1964 347 2012 5
367 1962 460 2011 643,
481 1962 618 2001 Kenn.
641 1961 715 2001 Gr.
731 1974 774 2012 p.
792 1963 883 2012 336,
905 1961 1050 2001 Madv.
1065 1962 1137 2003 Gr.
1159 1964 1273 2011 §348
1289 1962 1378 2003 obs.
1396 1963 1435 2014 1,
1459 1962 1619 2014 Zumpt

117 2016 191 2056 Gr.
211 2017 233 2065 5
254 2016 346 2055 520.
403 2015 467 2055 cf.
487 2018 510 2065 5
529 2015 580 2057 17
599 2019 701 2055 note
719 2027 777 2055 on
795 2015 870 2055 the
889 2027 966 2056 use
985 2016 1031 2055 of
1040 2029 1219 2068 possum.

195 2101 278 2140 hoc
306 2103 438 2141 breve
470 2102 630 2152 dicam]
659 2106 670 2124 ‘
684 2101 810 2142 make
840 2103 940 2154 only
968 2100 1058 2142 this
1090 2102 1202 2143 brief
1230 2101 1433 2152 remark,’
1460 2101 1616 2142 Parad.

118 2164 162 2191 vl
190 2153 240 2192 35
267 2154 377 2193 illud
405 2161 445 2194 et
474 2156 616 2194 breve
647 2162 687 2195 et
716 2158 989 2206 confitendum
1014 2162 1086 2204 est,
1117 2169 1176 2197 or.
1208 2169 1251 2208 p.
1286 2157 1453 2196 Cluent.
1489 2159 1510 2205 5
1541 2156 1619 2197 164

119 2219 243 2258 quam
261 2209 436 2249 brevia
461 2221 668 2260 responsu,
692 2210 746 2249 cf.
767 2210 887 2261 Verg.
907 2210 1015 2250 Aen.
1036 2222 1054 2250 1
1074 2212 1152 2251 341
1176 2213 1322 2263 longa
1342 2217 1403 2251 est
1422 2212 1600 2250 iniuria.

198 2287 229 2326 1.
264 2286 329 2329 10.
389 2291 445 2329 Μ.
480 2290 640 2340 Petrei]
674 2289 757 2329 Hic
789 2288 939 2329 eodem
973 2290 1085 2330 bello
1116 2290 1296 2330 Antonii
1327 2290 1493 2342 legatus
1521 2291 1618 2340 fuit,

119 2353 244 2391 quem
275 2342 553 2392 praemiserat
590 2355 689 2382 cum
721 2343 906 2383 exercitu
937 2344 991 2384 ad
1028 2344 1236 2384 edendam
1274 2345 1617 2394 dimicationem

119 2406 217 2434 cum
254 2394 346 2446 ipse
386 2397 537 2436 consul
580 2397 790 2437 retardari
827 2397 986 2448 pedum
1017 2398 1264 2440 valetudine
1310 2399 1537 2449 videretur,
1573 2412 1620 2441 re

119 2452 265 2489 autem
283 2462 382 2490 vera
401 2449 598 2497 hostibus
618 2450 818 2503 congredi
835 2451 981 2494 nollet.
1044 2463 1190 2493 senor..

198 2535 372 2572 animus
397 2537 443 2573 et
468 2543 592 2574 amor
614 2537 682 2574 rei
704 2534 767 2585 μ]
796 2534 848 2575 cf.
882 2547 941 2576 or.
971 2535 1018 2574 in
1044 2535 1163 2578 Verr.
1188 2548 1223 2576 11
1243 2537 1268 2578 9
1290 2537 1368 2578 117
1387 2538 1425 2576 si
1444 2550 1504 2577 me
1525 2539 1619 2577 ani·

119 2595 206 2623 mus
245 2591 367 2636 atque
406 2599 520 2626 amor
555 2589 604 2627 in
634 2601 720 2628 rem
742 2601 929 2639 p....‘non
964 2591 1037 2629 hoc
1058 2591 1202 2640 facere
1233 2593 1441 2641 coegisset,
1476 2602 1538 2632 or.
1574 2603 1616 2642 p.

120 2636 270 2678 Flacco
288 2641 310 2688 5
331 2639 407 2679 103
428 2642 502 2691 qui
522 2647 609 2681 tum
626 2643 790 2682 animus
815 2643 868 2684 L.
890 2643 1066 2683 Flacci!
1093 2646 1167 2695 qui
1185 2656 1300 2684 amor
1326 2647 1374 2684 in
1392 2646 1615 2695 patriam?

199 2719 228 2761 1.
261 2721 327 2764 11.
384 2726 433 2763 1n
450 2734 499 2763 re
517 2725 709 2775 publica]
739 2736 795 2767 sc.
820 2725 1056 2776 gerenda,
1078 2731 1088 2749 ⁴
1105 2726 1151 2766 in
1172 2726 1327 2767 official
1347 2727 1554 2778 activity‚’
1573 2733 1612 2768 01

121 2770 311 2824 military
325 2786 372 2814 as
390 2776 485 2814 well
503 2788 552 2815 as
571 2776 668 2816 civil
686 2777 999 2818 achievements
1017 2778 1064 2818 in
1082 2779 1156 2819 the
1174 2780 1317 2829 public
1336 2779 1503 2822 service.
