1812 2950
174 157 236 206 60
541 156 612 205 M.
664 157 710 204 Τ
716 156 884 204 ULLI
926 156 1309 206 CICERONIS

170 301 539 349 nonnumquam
575 286 904 333 temeritatem
944 285 1131 332 solebat
1168 291 1256 332 aut
1291 301 1503 333 errorem
1538 302 1671 333 sena-

169 373 274 415 tus:

174 454 184 474 ‘
196 465 224 495 o
239 447 502 510 ingratifici
517 447 705 509 Argivi,
717 447 946 493 inmunes
962 445 1407 509 Graiifinmemores
1420 447 1625 494 benefici
1639 450 1648 495 !
1660 447 1670 467 '

169 528 288 575 Non
311 533 416 574 erat
446 527 571 574 illud
602 527 802 589 quidem
833 542 1006 572 verum
1022 544 1036 586 3
1071 543 1171 572 non
1202 527 1335 573 enim
1365 527 1562 589 ingrati,
1588 527 1671 573 sed

170 609 352 668 miseri,
378 610 559 671 quibus
595 609 798 655 reddere
830 608 1051 666 salutem,
1069 624 1098 654 a
1128 625 1226 671 quo
1258 614 1667 670 acceperant,n0n
1697 623 1717 654 5

169 691 351 746 liceret,
394 706 482 736 nec
505 705 635 736 unus
658 690 713 735 in
736 704 1031 751 quemquam
1055 704 1287 750 umquam
1313 689 1501 751 gratior
1523 705 1671 751 quam

168 772 221 817 in
243 786 322 817 me
344 770 563 816 universi
579 785 593 828 3
632 769 715 815 sed
747 775 915 815 tamen
946 769 1071 814 illud
1106 768 1301 830 scripsit
1325 769 1674 816 disertissimus

168 856 308 913 poeta
336 866 424 912 pro
456 866 548 909 me,
582 851 683 912 egit
711 849 1008 896 fortissimus
1038 854 1188 907 actor,
1221 865 1322 894 non
1362 849 1520 895 solum
1550 851 1672 911 opti-

168 948 289 991 mus,
337 932 396 978 de
430 948 522 991 me,
560 948 671 978 cum
707 932 865 977 omnis
900 931 1096 977 ordines
1132 931 1502 988 demonstraret,
1540 947 1672 977 sena·
1802 992 1803 996 Ἰ

167 1019 288 1071 tum,
315 1012 503 1073 equites
526 1011 788 1070 Romanos,
815 1010 1100 1057 universum
1125 1010 1360 1072 populum
1390 1010 1672 1056 Romanum
1702 1025 1739 1055 10

166 1098 412 1139 accusaret
433 1109 442 1138 :
1800 1075 1801 1078 Ἰ

269 1179 280 1200 ‘
300 1174 499 1221 exulare
533 1172 706 1230 sinitis,
741 1171 873 1218 sistis
903 1172 1032 1233 pelli,
1067 1171 1262 1233 pulsum
1289 1169 1547 1232 patimini!

167 1256 304 1313 Quae
342 1262 451 1301 tum
483 1254 774 1316 significatio
803 1254 954 1300 fuerit
981 1255 1216 1308 omnium,
1252 1268 1377 1314 quae
1406 1251 1670 1298 declaratio

166 1337 435 1384 voluntatis
491 1338 553 1382 ab
610 1337 840 1382 universo
898 1335 1078 1398 populo
1138 1335 1362 1381 Romano
1419 1335 1473 1379 in
1528 1350 1672 1379 causa

165 1418 378 1466 hominis
400 1434 496 1465 non
523 1418 784 1480 popularis,
813 1416 1040 1479 equidem
1071 1416 1342 1473 audiebam,
1390 1415 1670 1461 existimare
1700 1429 1736 1460 15

49 1500 139 1547 123
163 1499 355 1545 facilius
378 1503 593 1561 possunt,
621 1499 706 1561 qui
730 1498 1008 1544 adfuerunt.
1101 1496 1287 1543 LVIII
1346 1496 1413 1541 Et
1436 1496 1669 1557 quoniam
1791 1485 1793 1491 ¹

165 1579 261 1626 huc
293 1595 372 1626 me
403 1579 634 1641 provexit
665 1579 836 1638 oratio,
871 1578 1048 1624 histrio
1085 1594 1248 1624 casum
1286 1592 1450 1622 meum
1488 1576 1669 1621 totiens

165 1660 549 1717 conlacrimavit,
582 1677 692 1706 cum
724 1661 796 1706 ita
828 1660 1055 1706 dolenter·
1078 1663 1243 1720 ageret
1274 1674 1468 1704 causam
1496 1672 1666 1712 meam,

165 1746 223 1787 ut
253 1757 349 1787 vox
379 1741 483 1787 eius
511 1741 596 1786 illa
619 1741 866 1803 praeclara
888 1740 1102 1786 lacrimis
1125 1738 1447 1800 impediretur
1462 1753 1475 1795 3
1510 1752 1667 1797 neque

166 1827 350 1883 poetae,
376 1837 585 1883 quorum
609 1837 695 1883 ego
719 1837 909 1883 semper
926 1820 1123 1882 ingenia
1146 1818 1311 1875 dilexi,
1336 1817 1545 1878 tempori
1562 1832 1669 1861 meo
1696 1831 1736 1861 20

165 1900 459 1962 defuerunt3
481 1917 632 1963 eaque
660 1900 869 1962 populus
893 1899 1148 1945 Romanus
1171 1913 1269 1943 non
1294 1896 1451 1942 solum
1475 1896 1664 1957 plausu,

166 1981 250 2029 sed
277 1982 424 2028 etiam
456 1983 642 2043 gemitu
673 1998 760 2028 suo
784 1980 1131 2042 comprobavit.
1164 1978 1352 2025 Utrum
1375 1977 1528 2039 igitur
1552 1977 1668 2022 haec

166 2063 414 2123 Aesopum
441 2062 604 2124 potius
627 2078 715 2124 pro
739 2077 817 2107 me
840 2066 928 2107 aut
952 2060 1159 2106 Accium
1184 2058 1343 2104 dicere
1366 2059 1600 2119 oportuit,
1626 2058 1670 2103 si

166 2143 374 2203 populus
408 2141 662 2188 Romanus
698 2142 823 2188 liber
861 2146 1001 2199 esset,
1038 2156 1103 2185 an
1137 2139 1382 2200 principes
1422 2138 1669 2184 civitatis?

171 2221 480 2268 Nominatim
506 2238 613 2268 sum
638 2221 912 2283 appellatus
935 2221 987 2267 in
1014 2221 1205 2267 Bruto:
1685 2230 1726 2262 25
1788 2226 1793 2278 j

273 2302 505 2361 ‘Tullius,
533 2303 619 2364 qui
652 2302 933 2349 libertatem
968 2300 1158 2347 civibus
1192 2296 1530 2346 stabiliverat!

172 2383 373 2429 Miliens
410 2391 692 2430 revocatum
727 2389 814 2430 est.
887 2382 1134 2429 Parumne
1168 2381 1432 2427 videbatur
1460 2379 1667 2442 populus

175 2464 429 2510 Romanus
451 2464 682 2522 iudicare,
709 2463 759 2510 id
791 2479 821 2509 a
845 2478 921 2508 me
952 2467 1003 2508 et
1032 2477 1062 2507 a
1092 2466 1267 2508 senatu
1298 2476 1402 2507 esse
1432 2459 1669 2507 constitu-

170 2550 293 2603 tum,
329 2546 462 2608 quod
496 2546 678 2607 perditi
718 2545 849 2591 cives
887 2544 1137 2590 sublatum
1183 2558 1272 2604 per
1316 2557 1407 2588 nos
1445 2541 1668 2588 crimina-

56 2624 150 2671 124
170 2627 389 2673 bantur?
459 2625 739 2691 Maximum
784 2638 903 2669 vero
949 2621 1121 2684 populi
1166 2621 1382 2668 Romani
1431 2620 1666 2667 iudicium
1689 2635 1730 2667 30
1783 2677 1787 2691 ‚

172 2706 392 2755 universi
431 2721 656 2753 consessu
696 2704 986 2766 gladiatorio
1024 2703 1326 2750 declaratum
1369 2708 1455 2749 est.
1546 2702 1669 2748 Erat

172 2790 301 2835 enim
337 2803 517 2835 munus
552 2786 806 2849 Scipionis,
841 2785 1044 2848 dignum
1080 2791 1130 2831 et
1164 2800 1220 2831 eo
1255 2784 1360 2847 ipso
1396 2788 1447 2830 et
1483 2782 1570 2829 illo
1607 2782 1663 2839 Q.

1781 2482 1789 2557 ἓ
