1812 2950
282 156 420 206 PRO
455 156 513 204 P.
551 154 792 204 SESTIO
832 152 1089 203 ORATIO
1122 155 1169 215 ἐξ
1205 152 1399 199 55-59
1558 150 1620 198 29
1704 179 1707 181 >

228 286 464 335 XXVII.
537 285 704 333 Multa
735 285 923 344 acerba,
949 283 1108 330 multa
1135 283 1315 345 turpia,
1342 282 1501 328 multa
1522 286 1625 328 tur·
1652 280 1713 329 58

129 369 329 416 bulenta
364 369 539 415 habuit
562 367 645 414 ille
669 382 858 413 annus:
894 371 1064 413 tamen
1091 364 1166 411 illi
1199 364 1382 423 sceleri,
1410 363 1540 426 quod
1571 362 1623 408 in

128 465 204 495 me
228 449 423 495 illorum
447 448 728 494 immanitas
751 446 921 506 edidit,
961 445 1093 492 haud.
1130 445 1230 491 scio
1266 461 1331 491 an
1363 449 1493 491 recte
1534 443 1624 490 hoc

129 530 405 592 proximum
430 544 532 576 esse
555 528 787 576 dicamus.
858 527 1168 574 Antiochum
1204 526 1447 589 Magnum
1483 525 1622 572 illum

85 627 103 658 5
130 613 335 658 maiores
360 610 516 658 nostri
547 625 724 672 magna
746 609 863 655 belli
888 608 1200 655 contentione
1236 612 1370 654 terra
1405 606 1626 668 marique

60 743 66 753 x
130 699 413 754 superatum
437 692 569 738 intra
603 695 820 738 montem
855 690 1075 736 Taurum
1108 704 1313 751 regnare
1347 688 1620 734 iusserunt:

130 773 318 832 Asiam,
360 789 457 835 qua
491 773 634 819 illum
669 771 963 832 multarunt,
1006 771 1200 831 Attalo,
1233 775 1292 817 ut
1317 770 1361 816 is
1401 774 1626 831 regnaret

135 855 190 901 in
213 870 281 913 ea,
309 854 723 901 condonaverunt.
761 853 886 900 Cum
904 853 1255 899 Armeniorum
1282 867 1395 913 rege
1418 851 1627 913 Tigrane

132 951 278 998 grave
301 935 484 982 bellum
507 951 665 997 nuper
687 934 783 997 ipsi
806 934 1194 996 diuturnumque
1223 934 1474 995 gessimus,
1517 948 1627 979 cum

12 1039 13 1077 g
68 1032 105 1063 ιο
130 1017 214 1063 ille
259 1016 453 1063 iniuriis
492 1015 546 1062 in
593 1017 745 1062 socios
779 1020 970 1062 nostros
1013 1014 1280 1061 inferendis
1314 1014 1442 1061 bello
1479 1029 1629 1076 prope

133 1113 223 1144 nos
254 1097 536 1144 lacessisset.
578 1096 679 1143 Hic
713 1102 766 1143 et
801 1098 904 1159 ipse
950 1112 1039 1159 per
1087 1112 1138 1143 se
1176 1096 1440 1143 vehemens
1472 1095 1629 1142 hostis

132 1179 228 1226 fuit
250 1183 301 1226 et
324 1178 614 1225 acerrimum
638 1179 826 1226 hostem
861 1179 1008 1225 huius
1048 1178 1243 1240 imperii
1278 1177 1625 1224 Mithridatem

135 1261 328 1323 pulsum
366 1260 526 1307 Ponto
558 1261 731 1322 opibus
779 1260 880 1307 suis
926 1275 1172 1322 regnoque
1210 1259 1443 1318 defendit,
1485 1263 1534 1306 et
1568 1259 1630 1306 ab

132 1342 185 1389 L.
225 1341 446 1401 Lucullo,
480 1358 669 1388 summo
711 1343 818 1389 viro
859 1348 1007 1404 atque
1042 1342 1350 1403 imperatore,
1391 1340 1626 1403 repulsus,

16 1467 17 1472 ,
68 1437 104 1469 15
133 1422 295 1469 animo
318 1427 486 1468 tamen
509 1423 677 1470 hostili
712 1439 824 1470 cum
859 1423 1061 1485 reliquis
1097 1423 1197 1469 suis
1235 1422 1383 1484 copiis
1413 1422 1470 1468 in
1509 1423 1628 1485 pris-

132 1503 240 1550 tina
290 1507 454 1549 mente
508 1504 703 1550 mansit.
758 1502 908 1549 Hunc
956 1503 1044 1551 On.
1094 1502 1371 1564 Pompeius,
1421 1517 1533 1548 cum
1578 1502 1632 1548 in

133 1583 234 1629 suis
265 1583 437 1629 castris
468 1583 735 1646 supplicem
759 1585 1003 1631 abiectum
1035 1583 1255 1640 vidisset,
1284 1582 1444 1628 erexit
1483 1587 1631 1645 atque

133 1663 324 1725 insigne
370 1664 573 1725 regium,
622 1665 751 1727 quod
787 1664 873 1711 ille
919 1664 979 1710 de
1025 1679 1112 1710 suo
1159 1662 1319 1724 capite
1366 1661 1623 1720 abiecerat,

136 1746 350 1807 reposuit
391 1751 440 1792 et
474 1746 618 1792 certis
646 1747 790 1793 rebus
821 1745 1075 1808 imperatis
1112 1759 1315 1806 regnare
1354 1743 1513 1803 iussit,
1539 1761 1628 1792 nec

20 1841 21 1862 1
69 1840 108 1872 20
137 1824 298 1871 minus
321 1829 371 1871 et
395 1825 490 1871 sibi
512 1831 563 1872 et
594 1826 709 1872 huic
743 1826 946 1889 imperio
982 1826 1248 1889 gloriosum
1284 1825 1483 1887 putavit
1523 1841 1631 1873 con-

134 1905 365 1952 stitutum
401 1922 429 1952 a
474 1922 524 1953 se
558 1923 719 1969 regem
754 1923 902 1970 quam
942 1907 1262 1954 constrictum
1295 1906 1467 1953 videri.
1529 1906 1632 1954 Rex
1658 1907 1716 1955 59

133 1986 287 2046 iqitur
319 1987 594 2047 Armenius,
635 1988 721 2050 qui
757 1993 807 2035 et
852 1988 956 2050 ipse
997 1988 1151 2034 hostis
1191 1987 1289 2033 fuit
1325 1987 1495 2049 populi
1533 1987 1628 2035 Ro-

134 2067 268 2113 mani
315 2073 365 2114 et
402 2069 688 2116 acerrimum
738 2070 927 2116 hostem
974 2069 1028 2115 in
1068 2085 1274 2131 regnum
1312 2069 1511 2132 recepit,
1545 2071 1630 2132 qui

134 2148 369 2208 conflixit,
407 2150 495 2211 qui
539 2151 678 2213 signa
734 2151 956 2208 contulit,
1001 2151 1085 2213 qui
1132 2151 1192 2197 de
1227 2151 1432 2213 imperio
1478 2167 1631 2213 paene

25 2265 27 2275 ι
71 2243 108 2276 25
136 2230 356 2289 certavit,
383 2237 556 2291 regnat
578 2232 723 2279 hodie
746 2238 796 2279 et
819 2233 1064 2279 amicitiae
1088 2248 1267 2280 nomen
1285 2248 1341 2279 ac
1364 2233 1624 2292 societatis,

134 2312 262 2373 quod
286 2313 434 2360 armis
457 2314 680 2372 violarat,
722 2315 775 2361 id
813 2315 1042 2376 precibus
1084 2318 1158 2361 est
1195 2319 1512 2364 consecutus:
1548 2315 1632 2362 ille

136 2392 346 2456 Cyprius
371 2395 529 2455 miser,
557 2396 644 2458 qui
667 2412 856 2458 semper
879 2397 1079 2455 amicus,
1105 2412 1294 2458 semper
1325 2397 1483 2443 socius
1511 2396 1624 2458 fuit,

135 2473 194 2519 de
217 2489 312 2535 quo
335 2475 472 2521 nulla
493 2492 728 2539 umquam
752 2477 962 2539 suspicio
986 2477 1154 2524 durior
1189 2483 1277 2523 aut
1308 2478 1369 2524 ad
1399 2482 1623 2524 senatum

136 2560 222 2601 aut
245 2555 306 2601 ad
336 2555 652 2619 imperatores
677 2558 841 2604 adlata
864 2564 1056 2605 nostros
1079 2563 1166 2618 est,
1202 2559 1355 2617 vivus,
1384 2563 1442 2605 ut
1474 2560 1627 2616 aiunt,

31 2658 33 2663 ’
68 2646 110 2681 80
135 2639 208 2681 est
230 2641 280 2682 et
303 2636 475 2684 videns
498 2654 604 2684 cum
632 2638 770 2685 victu
794 2654 848 2685 ac
866 2639 1052 2686 vestitu
1075 2655 1163 2686 suo
1186 2639 1477 2701 publicatus.
1533 2639 1624 2698 En,

136 2731 221 2761 cur
265 2717 413 2763 ceteri
458 2734 595 2780 reges
641 2719 866 2766 stabilem
903 2735 1006 2767 esse
1046 2736 1184 2766 suam
1221 2719 1469 2766 fortunam
1506 2719 1628 2766 arbi-

136 2799 341 2855 trentur,
369 2813 479 2844 cum
504 2799 594 2846 hoc
628 2800 763 2846 illius
801 2800 983 2848 funesti
1016 2802 1134 2847 anni
1186 2801 1379 2863 prodito
1411 2800 1633 2863 exemplo
