1812 2950
258 149 393 198 PRO
429 149 485 198 P.
525 146 772 198 SESTIO
810 145 1067 196 ORATIO
1102 147 1148 207 ἓξ
1198 146 1395 194 37-40
1522 145 1580 191 19

78 278 206 342 quod
242 278 348 324 fieri
384 277 568 337 debuit,
606 275 835 339 quodque
866 291 895 321 a
927 290 1005 320 me
1037 272 1214 335 optimi
1243 277 1293 319 et
1327 272 1584 319 fortissimi

78 361 210 408 cives
233 360 536 423 flagitabant,
562 358 615 406 vi
635 357 883 419 armisque
907 371 1224 418 superassem,
1245 371 1345 401 non
1364 355 1582 414 verebar,

7 483 22 497 ,A
79 457 141 489 ne
165 442 274 504 quis
298 447 386 488 aut
413 441 512 487 vim
536 439 590 486 vi
613 438 866 501 depulsam
900 420 1278 500 reffleffenderet
1308 442 1397 483 aut
1428 437 1585 499 perdi-

78 528 244 571 torum
261 523 445 570 civium
460 522 539 568 vel
558 521 723 583 potius
742 519 1121 567 domesticorum
1139 518 1356 565 hostium
1375 523 1585 566 mortem

38 625 60 658 5
79 610 332 652 maereret.
405 603 502 651 Sed
526 619 603 650 me
626 603 715 649 illa
737 607 1026 649 moverunt:
1064 601 1310 648 Omnibus
1333 601 1385 646 in
1405 600 1586 647 contio-

10 694 11 700 ’
78 686 226 732 nibus
249 685 335 731 illa
357 684 488 731 furia
512 683 756 730 clamabat
788 698 854 741 se,
887 697 1011 744 quae
1043 680 1228 751 faceret
1259 686 1432 727 contra
1462 680 1587 727 salu-

10 769 11 796 ³
77 771 179 814 tem
204 782 376 825 meam,
402 765 563 812 facere
587 769 786 812 auctore
811 763 1171 849 On.,‚']{ompeio,
1193 763 1460 810 clarissimo
1478 763 1586 810 viro

11 876 13 892 κ,
79 847 298 909 mihique
323 851 373 893 et
389 862 521 892 nunc
540 827 789 922 essfflffssfiffl
805 827 971 903 licum)
982 844 1290 891 amicissimo.
1353 843 1425 891 M.
1449 843 1588 890 Cras-

12 983 13 993 *
44 964 50 972 .
79 944 176 988 sus,
197 943 407 990 quocum
425 926 550 972 mihi
568 941 738 972 omnes
757 930 899 971 erant
916 924 1166 971 amicitiae
1184 924 1584 983 necessitudines,

12 1026 61 1075 51⁰
79 1011 159 1056 vir
189 1009 501 1067 fortissimus,
538 1009 600 1054 ab
629 1007 797 1054 eadem
826 1007 914 1053 illa
945 1012 1083 1068 peste
1114 1006 1461 1053 infestissimus
1485 1022 1588 1053 esse

12 1091 15 1156 ξ
80 1091 201 1138 meis
247 1089 463 1137 fortunis
509 1089 886 1151 praedicabatur
901 1105 915 1147 3
974 1087 1031 1135 G.
1081 1086 1273 1147 Caesar,
1313 1088 1400 1150 qui
1440 1104 1470 1135 a
1510 1104 1587 1134 me

79 1173 217 1220 nullo
246 1188 355 1219 meo
386 1171 565 1218 merito
597 1171 790 1217 alienus
826 1186 928 1224 esse
961 1169 1184 1230 debebat,
1219 1170 1588 1217 inimicissimus

13 1242 16 1304 ἶ
80 1269 183 1301 6336
206 1269 344 1300 meae
368 1252 519 1299 saluti
543 1252 604 1298 ab
629 1252 799 1298 eodem
831 1251 1091 1298 cotidianis
1123 1252 1432 1319 contionibus
1465 1252 1590 1300 dice-

79 1337 237 1383 batur.
317 1334 414 1380 His
439 1350 489 1381 se
512 1334 676 1380 tribus
701 1334 984 1380 auctoribus
1008 1333 1063 1379 in
1085 1326 1303 1380 odfrsffiis
1321 1317 1584 1397 capiendis,
1609 1336 1672 1383 40

15 1428 60 1499 με
80 1416 390 1464 adiutoribus
431 1416 485 1461 in
525 1431 579 1461 re
620 1414 833 1477 gerenda
874 1430 977 1461 esse
1013 1431 1219 1460 usurum
1255 1415 1449 1463 dicebat
1463 1434 1478 1477 3
1525 1432 1588 1463 ex

16 1506 17 1513 ¹
80 1497 260 1559 quibus
295 1511 451 1542 unum
486 1494 666 1540 habere
702 1495 971 1541 exercitum
1010 1494 1064 1540 in
1096 1494 1249 1542 Italia
1280 1497 1587 1557 maximum,

81 1578 192 1636 duo,
220 1577 306 1640 qui
329 1577 515 1638 privati
546 1581 655 1622 tum
689 1581 864 1634 essent,
900 1580 951 1623 et
981 1592 1205 1638 praeesse
1240 1581 1292 1623 et
1323 1594 1511 1639 parare,
1547 1579 1590 1625 si

81 1659 281 1716 vellent,
319 1659 591 1705 exercitum
625 1673 765 1720 posse
799 1657 954 1720 idque>
983 1656 1201 1704 facturos
1238 1674 1341 1705 esse
1378 1659 1582 1707 dicebat.

82 1741 189 1788 Nec
213 1740 336 1786 mihi
360 1740 445 1787 ille
468 1739 710 1787 iudicium
741 1739 911 1802 populi
940 1755 1030 1786 nec
1063 1739 1339 1802 legitimam
1372 1741 1588 1804 aliquam

18 1838 62 1872 m
83 1822 451 1868 contentionem
474 1835 563 1866 nec
582 1819 984 1881 disceptationem
1004 1825 1093 1866 aut
1111 1836 1283 1867 causae
1302 1820 1585 1883 dictionem,
1655 1859 1657 1861 >

20 1913 21 1963 ζ
81 1900 167 1948 sed
202 1900 319 1958 vim,
356 1916 504 1959 arma,
543 1899 804 1958 exercitus,
841 1901 1174 1961 imperatores,
1211 1907 1370 1948 castra
1405 1903 1590 1951 denun-

20 1976 23 2071 ἰ
82 1980 252 2027 tiabat.

21 2089 23 2126 Q
183 2059 397 2107 XVIII.
472 2059 607 2116 Quid
642 2061 792 2123 erg02
839 2061 1030 2108 inimici
1067 2062 1239 2123 oratio,
1284 2078 1414 2110 vana
1453 2081 1589 2127 prae-

0 2143 23 2197 ιῖ
83 2143 269 2201 sertim,
302 2147 407 2190 tam
442 2143 664 2205 improbe
695 2143 749 2189 in
781 2143 1077 2190 clarissimos
1110 2115 1490 2194 virssbedffleista
1513 2163 1591 2194 me

70 2224 272 2272 movit?
340 2224 427 2271 Me
463 2240 579 2271 vero
613 2240 715 2272 non
749 2224 887 2271 illius
923 2226 1095 2284 oratic,
1139 2225 1224 2272 sed
1264 2242 1434 2273 eorum
1475 2229 1591 2276 taci-

85 2306 312 2365 turnitas,
338 2306 393 2352 in
416 2321 538 2368 quos
561 2305 647 2352 illa
672 2305 830 2352 oratio
854 2310 959 2352 tam
977 2306 1202 2368 improba
1220 2308 1587 2370 conferebatur,

85 2387 173 2451 qui
201 2391 324 2446 tum,
359 2403 658 2449 quamquam
689 2388 752 2434 ob
784 2387 906 2434 alias
938 2403 1110 2434 causas
1141 2389 1388 2449 tacebant,
1422 2395 1591 2438 tamen

0 2532 1 2541 ἵ
25 2477 27 2482 “
87 2467 367 2516 hominibus
399 2460 595 2514 omnia*
594 2468 890 2515 timentibus
921 2469 1128 2515 tacendo
1159 2468 1310 2531 loqui,
1345 2485 1445 2516 non
1479 2471 1590 2517 infi-

87 2549 258 2597 tiando
299 2549 523 2596 confiteri
563 2549 873 2597 videbantur.
946 2550 1035 2596 Illi
1075 2555 1243 2597 autem
1281 2551 1445 2613 aliquo
1482 2558 1591 2600 tum

26 2627 70 2683 ‘so
88 2629 263 2677 timore
294 2629 559 2691 perterriti,
590 2631 721 2692 quod
753 2636 864 2677 acta
894 2630 982 2677 illa
1013 2635 1165 2692 atque
1188 2632 1348 2678 omnis
1372 2648 1449 2679 res
1472 2634 1593 2680 anni

89 2709 353 2773 superioris
377 2708 670 2756 labefactari
693 2727 722 2757 a
744 2710 1070 2772 praetoribus,
1097 2711 1341 2757 infirmari
1365 2728 1394 2758 a
1417 2718 1592 2761 senatu

28 2791 31 2854 ζ
91 2795 239 2854 atque
261 2806 292 2837 a
313 2789 618 2853 principibus
640 2790 860 2839 civitatis
883 2793 1141 2855 putabant,
1162 2793 1422 2839 tribunum
1442 2810 1592 2857 popu·

1326 2893 1455 2940 2—2
