1812 2950
294 137 428 187 PRO
463 138 520 186 P.
558 136 803 186 SESTIO
840 135 1096 185 ORATIO
1132 137 1177 198 ἐς
1209 138 1407 184 48—52
1546 138 1605 185 25

105 267 484 315 misericordiam
508 266 782 330 confugisse
800 284 814 326 3
852 266 967 313 inde
992 266 1192 328 navigio
1215 263 1474 328 perparvo,
1497 283 1608 313 cum

103 349 260 396 omnis
284 353 455 410 portus
478 353 735 410 terrasque
758 347 962 410 fugeret,
991 347 1046 393 in
1069 362 1180 393 oras
1205 347 1406 393 Africae
1431 347 1627 417 desert]

103 431 294 477 issimas
318 430 608 492 pervenisse.
670 429 842 491 Atque
867 428 950 475 ille
973 429 1131 474 vitam
1156 443 1310 486 suam,
1331 442 1395 474 ne
1418 411 1610 475 inultus

0 513 8 544 l
104 516 244 570 esset,
271 511 333 557 ad
355 509 733 557 incertissimam
759 525 896 571 spem
919 514 971 556 et
994 509 1058 556 ad
1082 509 1156 556 rei
1187 509 1414 571 publicae
1447 508 1610 556 fatum

61 607 84 640 6
103 592 374 639 reservavit
394 609 402 638 :
438 606 539 653 ego,
567 590 665 652 qui,
694 606 841 652 quem
865 591 929 637 ad
951 590 1154 637 modum
1178 590 1325 637 multi
1349 590 1403 636 in
1435 597 1610 638 senatu

105 689 182 719 me
214 674 415 720 absente
451 673 699 732 dixerunt,
739 672 955 734 periculo
991 673 1064 719 rei
1098 672 1326 735 publicae
1362 674 1608 733 vivebam,

105 754 287 818 quique
310 756 372 802 ob
395 771 503 802 eam
527 771 719 802 causam
749 755 1091 802 consularibus
1115 755 1300 802 litteris
1324 755 1385 802 de
1410 761 1611 803 senatus

105 838 351 884 sententia
384 837 567 884 exteris
600 837 889 884 nationibus
925 837 1316 894 commendabar,
1351 854 1530 898 nonne,
1570 838 1613 885 si

106 935 264 965 meam
289 920 443 966 vitam
474 918 810 978 deseruissem,
839 935 943 966 rem
976 920 1222 981 publicam
1254 919 1613 982 prodidissem?

45 1018 86 1050 10
106 1001 158 1046 in
189 1017 286 1063 qua
313 1000 511 1063 quidem
541 1017 676 1047 nunc
703 1016 782 1048 me
814 1002 1049 1049 restituto
1085 1002 1214 1048 vivit
1246 1017 1441 1049 mecum
1464 1001 1613 1048 simul

11 1075 13 1159 l
106 1081 384 1144 exemplum
402 1081 518 1127 fidei
535 1081 774 1142 publicae.
831 1081 974 1137 Quod
994 1082 1036 1128 si
1052 1082 1332 1128 immortale
1350 1081 1610 1140 retinetur,

12 1170 13 1182 ¹
106 1163 214 1225 quis
249 1178 349 1209 non
383 1162 628 1225 intellegit
664 1163 996 1210 immortalem
1031 1163 1160 1210 hanc
1193 1163 1448 1211 civitatem
1480 1163 1610 1211 futu·
1661 1163 1666 1167 ’

105 1243 241 1290 ram‘l
872 1236 898 1266 θ

205 1324 420 1371 XXIII.
494 1324 627 1371 Nam
683 1329 890 1371 externa
944 1324 1074 1372 bella
1128 1341 1312 1388 regum,
1372 1326 1610 1388 gentium,
1639 1332 1698 1380 51

49 1420 88 1453 15
109 1406 368 1453 nationum
392 1406 490 1452 iam
514 1407 705 1469 pridem
730 1407 803 1453 ita
831 1407 1080 1454 exstincta
1112 1414 1244 1467 sunt,
1278 1414 1336 1455 ut
1368 1410 1614 1471 praeclare

109 1505 219 1535 cum
243 1489 305 1535 iis
328 1505 548 1551 agamus,
576 1505 698 1551 quos
721 1494 919 1551 pacatos
944 1506 1048 1537 esse
1079 1490 1332 1552 patiamur
1349 1509 1364 1551 3
1403 1491 1615 1554 denique

111 1587 172 1618 ex
214 1571 387 1617 bellica
428 1571 635 1617 victoria
676 1587 778 1618 non
818 1570 922 1618 fere
963 1587 1260 1634 quemquam
1308 1578 1384 1619 est
1425 1573 1616 1619 invidia

110 1650 292 1697 civium
332 1647 623 1711 consecuta;
673 1652 952 1699 domesticis
991 1653 1135 1699 malis
1172 1658 1223 1700 et
1259 1653 1520 1700 audacium
1555 1654 1618 1700 ci-

51 1740 73 1771 s
112 1733 249 1778 vium
283 1732 498 1779 consiliis
530 1748 673 1795 saepe
704 1738 778 1779 est
810 1733 1153 1792 resistendum,
1193 1751 1460 1798 eorumque
1495 1736 1618 1798 peri·

49 1829 92 1862 20
112 1814 334 1861 01110111111
363 1820 439 1861 est
469 1814 522 1861 in
553 1831 606 1862 re
637 1815 835 1877 publica
866 1815 1129 1862 retinenda
1152 1816 1431 1878 medicina3
1469 1833 1616 1880 quam

112 1911 320 1955 omnem,
351 1895 550 1954 iudices,
586 1896 935 1958 perdidissetis,
972 1897 1014 1943 si
1046 1913 1155 1944 meo
1187 1897 1398 1944 interitu
1422 1899 1618 1945 senatui

112 1978 388 2041 populoque
415 1978 638 2025 Romano
662 1979 844 2026 doloris
869 1979 944 2025 sui
969 1979 1028 2025 de
1054 1995 1131 2026 me
1156 1979 1438 2026 declarandi
1462 1986 1620 2042 potes-

112 2065 190 2107 tas
230 2064 357 2106 esset
396 2064 576 2121 erepta.
651 2059 762 2115 Qua
802 2076 856 2123 re
897 2076 1070 2107 moneo
1113 2076 1214 2119 vos,
1265 2061 1616 2121 adulescentes,

113 2145 263 2203 atque
285 2141 377 2188 hoc
399 2157 509 2188 meo
532 2142 639 2188 iure
662 2112 925 2204 praecipio,
953 2143 1040 2204 qui
1065 2141 1377 2204 dignitatem,
1404 2143 1491 2205 qui
1514 2159 1620 2190 rem

53 2231 94 2264 25
114 2222 370 2285 publicam,
409 2222 497 2284 qui
530 2223 737 2285 gloriam
773 2223 1018 2286 spectatis,
1057 2240 1134 2283 ne,
1171 2224 1214 2270 si
1249 2240 1375 2286 quae
1411 2240 1499 2271 vos
1536 2224 1620 2270 ali-

114 2302 310 2365 quando
343 2302 605 2350 necessitas
641 2303 704 2350 ad
739 2319 844 2350 rem
879 2303 1129 2366 publicam
1165 2310 1337 2350 contra
1371 2304 1621 2367 improbos

116 2383 236 2431 civis
259 2382 620 2430 defendendam
652 2384 862 2443 vocabit,
890 2386 1138 2447 segniores
1174 2385 1285 2432 sitis
1317 2390 1367 2431 et
1399 2385 1618 2432 recorda-

115 2463 249 2510 tione
273 2463 369 2510 mei
393 2479 532 2510 casus
556 2480 586 2510 a
609 2465 826 2512 consiliis
844 2464 1059 2512 fortibus
1078 2465 1347 2528 refugiatis.
1394 2465 1618 2512 Primum
1644 2474 1703 2522 52

117 2561 216 2592 non
250 2551 324 2592 est
359 2547 647 2608 periculum,
686 2562 748 2593 ne
779 2546 891 2608 quis
926 2563 1162 2609 umquam
1199 2547 1387 2593 incidat
1421 2547 1474 2592 in
1516 2547 1621 2593 eius

28 2653 31 2665 ι
57 2639 100 2674 ao
120 2625 251 2672 modi
275 2626 510 2684 consules,
544 2626 833 2688 praesertim
866 2627 909 2673 si
944 2627 1040 2673 erit
1071 2628 1133 2673 iis
1164 2627 1217 2673 id
1250 2627 1382 2689 quod
1414 2626 1622 2673 debetur

120 2706 437 2768 persolutum.
511 2706 705 2752 Deinde
740 2722 1012 2768 numquam
1047 2706 1162 2764 iam,
1200 2712 1259 2753 ut
1294 2722 1449 2768 spero,
1493 2706 1622 2769 quis-

121 2805 268 2853 quam
290 2790 543 2852 improbus
569 2790 771 2837 consilio
796 2795 847 2836 et
870 2790 1059 2837 auxilio
1078 2791 1323 2838 *bonorum
1356 2807 1407 2837 se
1443 2806 1622 2853 oppug-
