1812 2950
265 145 400 193 PRO
436 146 492 193 P.
532 144 774 194 SESTIO
815 146 1070 196 ORATIO
1104 149 1150 209 §3
1189 149 1449 195 141—145
1553 150 1610 197 71

98 277 258 324 lamus
295 276 467 336 bonis;
511 276 783 338 praesentis
819 277 1011 324 fructus
1046 277 1376 340 neglegamus
1418 279 1620 341 posteri-

102 360 223 406 tatis
257 358 441 421 gloriae
478 358 750 404 serviamus
766 374 780 417 3
829 358 881 404 id
927 374 1031 405 esse
1077 359 1320 422 optimum
1365 366 1613 422 putemus,

102 441 232 503 quod
265 441 360 487 erit
400 439 750 499 rectissimumj,
785 456 1036 503 speremus
1073 457 1197 503 quae
1241 442 1483 501 volumus,
1534 444 1617 489 sed

102 522 230 583 quod
276 521 507 567 acciderit
551 521 797 568 feramus:
857 521 1126 584 cogitemus
1172 522 1384 585 denique
1443 540 1621 586 corpus

57 617 78 648 5
106 601 324 647 virorum
346 600 549 648 fortium
578 617 963 664 magnorumque
986 602 1244 650 hominum
1268 620 1370 650 esse
1394 604 1614 663 mortale,

103 682 255 727 animi
296 697 411 728 vero
453 686 614 728 motus
652 687 702 728 et
745 682 945 730 virtutis
985 684 1193 745 gloriam
1239 685 1620 747 sempiternam;

103 777 276 824 neque,
296 762 423 808 hanc
459 762 742 824 opinionem
776 763 820 809 si
855 762 909 809 in
937 763 1024 810 1110
1056 764 1365 812 sanctissimo
1398 765 1619 813 Hercule

104 847 435 889 consecratam
481 843 719 902 videmus,
768 843 908 891 cuius
955 861 1154 907 corpore
1193 847 1422 895 ambusto
1459 848 1617 895 vitam

104 925 208 971 eius
230 931 280 971 et
313 924 552 971 virtutem
576 925 923 973 immortalitas
947 927 1194 990 excepisse
1217 927 1425 987 dicatur,
1453 928 1618 975 minus

0 1032 1 1039 κ
37 1019 76 1052 10
103 1005 438 1052 existimemus
461 1021 554 1064 eOS‚
597 1006 683 1068 qui
712 1006 838 1053 hanc
861 1011 1056 1054 tantam
1091 1024 1196 1055 rem
1225 1009 1474 1071 publicam
1515 1011 1616 1057 suis

4 1083 6 1089 ’
104 1087 320 1134 consiliis
359 1092 447 1134 aut
488 1088 739 1135 laboribus
780 1094 868 1136 aut
907 1091 1140 1137 auxerint
1170 1095 1259 1138 aut
1305 1091 1619 1140 defenderint

4 1231 5 1234 Ἰ
103 1173 191 1214 aut
215 1168 472 1227 servarint,
501 1185 603 1215 esse
626 1168 958 1217 immortalem
982 1171 1189 1233 gloriam
1214 1178 1508 1220 consecutos.

0 1239 6 1295 Ιὲ
205 1247 402 1294 LXIX.
461 1248 557 1295 Sed
581 1265 659 1296 me
682 1256 896 1312 repente,
924 1251 1124 1310 iudices,
1151 1252 1210 1299 de
1233 1253 1613 1300 fortissimorum
1639 1253 1732 1301 144

103 1333 154 1375 et
187 1319 566 1375 clarissimorum
594 1329 776 1376 civium
812 1331 1056 1393 dignitate
1091 1338 1142 1379 et
1178 1333 1336 1395 gloria
1371 1333 1617 1380 dicentem

3 1446 8 1478 Ι
37 1423 75 1456 15
102 1414 151 1456 et
189 1411 332 1472 plura
372 1412 519 1458 etiam
555 1412 716 1459 dicere
750 1419 1007 1474 parantem
1048 1414 1226 1461 horum
1260 1415 1520 1477 adspectus
1561 1417 1615 1462 in

101 1489 207 1552 ipso
230 1507 375 1538 cursu
398 1491 633 1539 orationis
661 1494 909 1554 repressit.
936 1491 1100 1540 Video
1137 1493 1190 1541 P.
1221 1494 1449 1555 Sestium,
1479 1511 1616 1543 meae

103 1571 288 1632 salutis,
338 1580 533 1620 vestrae
580 1574 904 1634 auctoritatiS,
954 1576 1180 1638 publicae
1227 1594 1399 1625 causae
1445 1579 1612 1627 defen-

103 1668 272 1712 sorem,
322 1660 748 1717 propugnatorem,
798 1661 1013 1704 actorem
1053 1674 1228 1717 reum,
1280 1659 1424 1706 video
1482 1660 1615 1707 hunc

102 1738 466 1794 praetextatum
501 1735 606 1782 eius
637 1736 794 1782 filium
831 1737 984 1784 oculis
1020 1738 1395 1786 lacrimantibus
1430 1756 1508 1787 me
1537 1740 1611 1786 in-

0 1870 1 1873 *
36 1822 77 1855 20
96 1815 319 1856 tuentem
329 1827 344 1870 3
367 1810 510 1858 video
525 1811 577 1859 Τ.
597 1811 851 1870 Milonem,
868 1812 1113 1859 vindicem
1129 1819 1321 1860 vestrae
1353 1816 1610 1873 libertatis,

97 1887 348 1934 custodem
388 1887 565 1934 salutis
604 1903 754 1946 meae,
795 1887 1071 1934 subsidium
1113 1888 1339 1934 adflictae
1378 1887 1451 1934 rei
1490 1888 1609 1950 pub-

96 1969 230 2028 licae,
279 1970 629 2016 exstinctorem
666 1968 923 2015 domestici
972 1969 1234 2028 latrocinii,
1283 1984 1608 2031 repressorem

97 2050 257 2096 caedis
302 2050 590 2109 cotidianae,
637 2049 943 2096 defensorem
988 2049 1283 2112 templorum
1321 2055 1470 2111 atque
1515 2054 1611 2096 tec-

98 2135 275 2189 torum,
303 2130 601 2192 praesidium
625 2130 804 2190 curiae,
829 2129 1132 2177 sordidatum
1175 2134 1226 2176 et
1261 2146 1399 2175 reum
1410 2145 1422 2187 ;
1465 2129 1609 2176 video

0 2214 2 2305 ᾗ
33 2228 72 2260 25
99 2213 152 2260 P.
196 2213 479 2272 Lentulum,
523 2213 664 2259 cuius
701 2228 789 2275 ego
828 2218 1022 2274 patrem
1069 2211 1215 2258 deum
1253 2227 1309 2258 ac
1354 2217 1609 2274 parentem

0 2307 3 2360 ς
97 2299 261 2341 statuo
284 2293 513 2341 fortunae
539 2309 595 2340 ac
617 2292 830 2340 nominis
861 2292 958 2339 mei
981 2298 1033 2339 et
1053 2292 1221 2338 fratris
1247 2292 1610 2355 liberorumque

0 2379 7 2426 123
98 2380 390 2432 nostrorum,
433 2375 486 2420 in
526 2374 618 2420 1100
654 2374 833 2420 misero
869 2374 1093 2436 squalore
1134 2379 1186 2421 et
1224 2373 1480 2433 sordibus3
1527 2373 1610 2420 cui

0 2418 7 2490 1
99 2455 318 2517 superior
357 2471 517 2501 annus
557 2454 688 2501 idem
719 2459 770 2501 et
802 2454 994 2500 virilem
1034 2455 1191 2517 patris
1221 2459 1271 2501 et
1301 2459 1609 2517 praetextam

0 2515 7 2547 ι’
99 2535 268 2598 populi
301 2534 482 2582 iudicio
514 2539 679 2596 togam
709 2534 913 2593 dederit,
952 2534 1085 2581 hunc
1126 2535 1216 2582 hoc
1257 2551 1388 2581 anno
1425 2535 1479 2580 in
1515 2534 1608 2580 hac

0 2613 12 2658 i,
33 2630 73 2663 30
98 2621 212 2679 toga
268 2616 538 2679 rogationis
600 2617 956 2664 iniustissimae
1016 2617 1234 2664 subitam
1288 2616 1607 2663 acerbitatem

0 2666 3 2745 l
99 2712 188 2758 pro
218 2701 358 2759 patre
396 2696 669 2744 fortissimo
711 2704 761 2744 et
793 2697 1067 2746 clarissimo
1105 2698 1213 2744 cive
1247 2697 1601 2759 deprecantem.

0 2773 2 2847 1
100 2779 268 2840 Atque
299 2778 378 2824 hic
414 2782 493 2825 tot
530 2783 582 2825 et
617 2779 797 2826 talium
835 2779 1020 2826 civium
1060 2779 1269 2841 squalor,
1311 2778 1389 2824 hic
1429 2777 1604 2835 luctus,
1635 2777 1724 2824 145
