1812 2950
188 165 284 213 148
519 165 657 215 PRO
691 165 750 215 P.
788 164 1032 214 SESTIO
1065 166 1112 227 55
1146 164 1344 213 53—54

183 289 298 329 tions
326 289 373 329 of
396 288 471 329 the
500 291 565 330 lex
592 288 838 340 Sempronia
865 291 914 330 de
940 289 1176 341 provinciis
1207 289 1507 337 consularibus,
1539 288 1680 330 which

182 342 376 392 required
394 343 467 383 the
488 343 647 384 Senate
673 346 720 382 to
746 355 876 383 name
900 342 1109 393 annually
1130 343 1214 383 two
1235 342 1436 382 consular
1458 343 1680 392 provinces

183 396 326 436 before
352 396 427 436 the
444 398 618 437 consuls
637 396 704 437 ior
731 397 808 436 the
834 398 939 436 next
964 407 1066 447 year
1091 407 1199 436 were
1217 395 1389 444 elected,
1414 407 1463 435 so
1487 395 1583 436 that
1608 396 1681 437 the

181 448 1258 553 {203320531‘251222003312213‘2wimer
1286 449 1523 544 “geom
1542 450 1682 492 Μὰ

435 529 445 539 .
726 530 736 548 ,
799 514 842 541 ec
862 514 929 541 ine
948 515 971 541 ο
1140 532 1150 541 .
1212 533 1221 543 .
1246 514 1265 542 1
1281 514 1325 554 p.
1427 532 1438 543 .

261 573 291 612 1.
313 574 378 616 29.
431 575 529 626 ula]
557 578 580 626 5
599 578 652 619 37
670 575 701 616 1.
721 576 763 616 4.
898 580 1114 628 monstra,
1146 575 1521 620 ‘abominations.'

261 648 291 688 1.
313 649 379 689 30.
435 661 490 690 ex
516 655 699 692 senatus
725 651 1011 702 auctoritate]
1039 651 1115 692 i.e.
1138 650 1196 702 by
1212 651 1287 692 the
1310 660 1534 692 extremum
1559 659 1682 705 atque

181 703 372 742 ultimum
407 709 573 744 senatus
603 707 834 746 consultum
860 717 909 745 as
938 704 1096 745 Caesar
1123 704 1227 745 calls
1255 706 1291 745 it
1321 705 1432 759 (bell.
1461 706 1542 746 civ.
1572 707 1610 754 1,
1641 709 1683 755 5)

183 768 262 806 quo
293 757 379 796 nisi
405 770 535 808 paene
571 761 621 800 in
654 760 745 810 ipso
780 759 897 799 urbis
933 760 1126 799 incendio
1163 765 1288 810 atque
1317 755 1365 800 in
1402 761 1682 811 desperatione

181 811 660 864 omnium...numquam
687 818 783 853 ante
812 814 1045 852 descensum
1077 819 1151 862 est,
1187 815 1303 853 dent
1338 826 1534 864 operam
1569 826 1681 854 con-

181 864 311 903 sules
338 871 564 915 praetores,
599 868 759 906 tribuni
790 867 925 917 plebis
958 868 1110 917 quique
1138 879 1217 918 pro
1250 869 1483 907 amicalibus
1513 869 1599 907 sint
1627 869 1685 906 ad

180 918 331 967 urbem,
355 931 411 957 ne
436 921 560 970 quid
581 933 659 961 res
680 922 893 971 publica
919 921 1211 961 detrimenti
1232 922 1421 971 capiat.
1479 920 1556 962 See
1573 921 1682 960 Intr.

182 973 203 1020 5
223 970 287 1020 11,
311 971 498 1023 Ramsay
516 973 565 1015 R.
582 973 682 1014 Ant.
707 986 748 1024 p.
768 974 859 1024 149,
883 973 1093 1014 Heitland
1111 986 1174 1014 or.
1188 985 1230 1024 p,
1253 972 1398 1016 Rabir.
1419 987 1491 1026 pp.
1508 976 1683 1023 83-88,

181 1024 319 1065 where
337 1025 412 1065 the
431 1026 593 1078 subject
612 1028 651 1067 is
669 1030 785 1068 most
803 1027 912 1078 fully
928 1027 1103 1069 treated.

261 1099 292 1139 1.
312 1100 379 1140 31.
435 1106 482 1142 et
509 1103 734 1153 expulsus]
762 1100 1035 1153 rhetoricafly
1059 1102 1126 1142 for
1152 1104 1284 1154 isque,
1315 1102 1429 1143 ‘and
1456 1102 1553 1143 that
1580 1104 1683 1143 too.’

183 1151 247 1192 cf.
276 1156 299 1203 5
318 1155 371 1195 78
397 1156 514 1195 victa
541 1162 602 1196 est
633 1169 762 1196 causa
787 1158 852 1196 rei
874 1157 1174 1207 publicae...et
1200 1158 1330 1207 victa,
1366 1159 1388 1207 5
1416 1158 1469 1197 54
1498 1160 1565 1197 lex
1595 1164 1685 1197 erat

185 1208 371 1249 lata...et
389 1221 438 1248 ea
459 1210 539 1257 lex,
558 1209 615 1249 ib.
636 1222 760 1260 9ener
788 1215 834 1250 et
860 1211 962 1250 Piso
981 1222 1119 1260 ρεπεν.

263 1286 304 1323 Ρ.
329 1288 392 1333 27,
423 1282 454 1324 1.
477 1284 513 1325 1.
575 1285 774 1336 servitio]
807 1284 1024 1325 collective
1050 1296 1182 1336 noun,
1217 1285 1409 1333 ‘slaves‚’
1438 1289 1460 1336 5
1487 1287 1541 1328 67
1568 1286 1597 1325 1.
1619 1286 1683 1333 14,

184 1348 244 1376 or.
273 1337 321 1375 in
348 1336 435 1377 Pis.
464 1340 486 1387 5
513 1339 539 1379 9
567 1351 616 1378 ex
642 1341 752 1378 omni
771 1340 893 1391 faece
915 1340 1031 1378 urbis
1050 1351 1101 1379 ac
1128 1341 1357 1389 servitio,
1380 1340 1496 1381 Verr.
1522 1353 1557 1379 11
1577 1341 1600 1379 5
1619 1343 1640 1389 5
1660 1342 1684 1380 9

183 1397 367 1484 ῗοξίταπι
393 1403 477 1432 esse
504 1394 553 1432 in
579 1394 735 1434 Sicilia
760 1394 915 1433 moveri
941 1394 1211 1433 servitium
1237 1396 1435 1445 suspicor.
1495 1394 1559 1434 cf.
1583 1397 1604 1444 5
1633 1395 1684 1432 34

262 1513 290 1553 l.
314 1514 352 1555 2.
411 1518 552 1565 vasto,
586 1514 827 1565 ‘desolate,'
847 1513 899 1555 de
925 1514 1006 1565 leg.
1029 1527 1118 1565 agr.
1148 1526 1184 1554 11
1211 1518 1233 1564 5
1263 1516 1314 1556 70
1341 1527 1469 1564 yemis
1496 1527 1686 1564 ayroram

187 1571 378 1606 vastum
402 1573 525 1618 atque
545 1568 761 1615 desertum,
780 1566 875 1607 Liv.
899 1578 954 1605 111
973 1568 1010 1612 7,
1032 1568 1057 1605 3
1082 1568 1131 1606 in
1156 1571 1295 1606 vasto
1320 1580 1370 1607 ac
1394 1569 1549 1607 deserto
1568 1579 1681 1618 ayro.

188 1617 346 1658 Halm⁶
365 1620 490 1660 Klotz
511 1621 598 1661 and
617 1621 773 1660 Miiller
791 1619 893 1659 read
911 1626 1090 1660 vastato.

265 1687 295 1727 1.
317 1690 353 1729 3.
416 1701 529 1737 quae
553 1695 606 1731 ut
632 1702 688 1731 ne
715 1692 922 1741 ferretur]
952 1703 978 1731 a
1007 1691 1146 1730 final
1166 1691 1322 1732 clause.
1384 1691 1451 1732 On
1478 1691 1553 1731 the
1581 1691 1686 1731 diffi-

186 1741 455 1846 gtlrltpsuslfflsfit
462 1743 527 1848 §012'
532 1744 611 1840 ghle
626 1748 785 1837 {Zntax
803 1745 847 1784 oi
864 1751 911 1784 ut
929 1757 980 1785 ne
998 1744 1106 1784 Reid
1123 1744 1204 1785 has
1230 1757 1286 1785 an
1312 1744 1546 1786 admirable
1571 1748 1684 1796 note,

265 1871 295 1912 1.
327 1872 367 1912 4.
422 1875 571 1914 fuerat
597 1878 721 1914 veste
747 1875 940 1925 mutata]
972 1875 995 1924 5
1026 1875 1077 1914 26
1104 1874 1134 1914 1.
1165 1875 1229 1914 32.
1286 1874 1372 1914 For
1398 1874 1473 1915 the
1500 1874 1581 1916 abl.
1617 1887 1685 1915 see

187 1935 230 1964 n.
251 1937 308 1966 on
327 1929 349 1976 5
368 1927 418 1968 27
439 1926 469 1966 1.
491 1927 558 1968 10.

265 1995 288 2043 5
306 1999 370 2034 54.
426 1997 510 2035 hac
529 1998 662 2036 tanta
680 1996 1033 2046 perturbatione]
1052 1994 1192 2037 Madv.
1218 1995 1292 2035 Gr.
1313 1998 1334 2045 5
1355 1997 1447 2044 277,
1467 1995 1514 2037 Ρ.
1538 1995 1581 2037 S.
1607 1996 1680 2037 Gr.

180 2054 201 2101 5
223 2051 313 2092 161.
423 2051 452 2092 1.
477 2052 517 2090 5.
572 2063 628 2092 ne
647 2057 820 2093 noctem
838 2055 1032 2103 quidem]
1062 2058 1072 2076 ‘
1088 2054 1166 2092 not
1185 2065 1290 2092 even
1309 2064 1390 2092 one
1408 2051 1563 2100 night?

261 2113 290 2155 1.
326 2113 366 2153 6.
421 2115 670 2165 interitum]
701 2112 838 2153 either
866 2112 956 2152 this
984 2111 1101 2153 word
1128 2124 1177 2152 or
1198 2124 1336 2153 casum
1361 2113 1479 2152 must
1506 2111 1558 2151 be
1586 2123 1682 2163 sup·

181 2166 297 2218 plied
324 2169 370 2207 to
397 2167 461 2206 fill
488 2179 546 2217 up
573 2167 649 2207 the
675 2179 758 2218 gap
776 2168 823 2206 in
842 2166 915 2206 the
934 2179 1026 2207 mss.
1087 2165 1234 2206 Cicero
1258 2177 1359 2205 uses
1383 2177 1464 2206 one
1490 2177 1539 2205 or
1562 2165 1684 2205 other

183 2222 228 2261 oi
253 2220 374 2260 these
402 2221 552 2268 words,
573 2220 660 2261 and
689 2220 935 2261 sometimes
963 2221 1114 2268 clades,
1138 2221 1268 2271 pestis
1297 2218 1385 2259 and
1404 2220 1614 2269 pernicies
1637 2219 1683 2258 in
1746 2255 1747 2258 ,

184 2274 388 2325 speaking
413 2276 457 2313 of
480 2274 550 2314 his
575 2273 867 2315 banishment.
929 2273 1007 2315 See
1035 2276 1080 2323 55
1107 2274 1172 2320 29,
1201 2273 1268 2320 44,
1298 2273 1363 2320 51,
1393 2273 1459 2321 53,
1490 2273 1555 2322 60,
1590 2274 1683 2320 123,

186 2328 278 2378 140,
303 2328 396 2367 145.
452 2329 627 2379 [Volnus
646 2328 786 2368 would
805 2327 891 2367 suit
910 2327 985 2367 the
1004 2329 1174 2367 context
1193 2338 1291 2378 very
1308 2326 1415 2366 well.
1472 2338 1507 2366 J.
1528 2337 1564 2366 s.
1585 2327 1646 2377 R.]

265 2402 296 2441 1.
316 2403 355 2443 7.
410 2406 565 2443 statim
591 2414 661 2443 me
688 2402 905 2452 perculso]
932 2401 986 2443 cf.
1016 2412 1078 2442 or.
1102 2412 1145 2453 p.
1167 2400 1256 2441 red.
1279 2400 1327 2439 in
1354 2412 1443 2439 sen.
1466 2402 1488 2450 5
1514 2401 1565 2442 17
1594 2413 1685 2441 cum

189 2467 262 2505 eqo
289 2468 377 2496 una
404 2469 494 2496 cum
521 2457 737 2507 republica
764 2469 847 2496 non
872 2457 1095 2496 tribunicio
1118 2455 1190 2494 sed
1211 2455 1422 2495 consulari
1440 2455 1532 2493 ictu
1550 2457 1682 2495 comi-

188 2510 349 2557 dissem,
371 2515 487 2550 tanto
505 2511 654 2549 scelere
673 2511 818 2561 fuisti,
841 2515 890 2548 ut
910 2521 961 2548 ne
986 2521 1113 2548 unam
1137 2509 1303 2558 quidem
1329 2509 1470 2547 horam
1489 2509 1684 2548 interesse

181 2570 371 2613 paterere
389 2564 501 2603 inter
518 2575 648 2602 meam
661 2569 817 2613 pestem
835 2568 876 2603 et
897 2568 1012 2603 tuam
1022 2563 1242 2613 praedam.

265 2636 296 2676 1.
316 2638 356 2678 8.
414 2638 566 2687 etiam]
595 2636 804 2686 temporal
833 2640 843 2660 ‘
861 2636 980 2677 stin:
1035 2635 1151 2675 Dicit
1170 2637 1316 2675 autem
1334 2636 1520 2685 spirante
1538 2637 1681 2686 repub-

189 2690 286 2738 lica,
305 2701 404 2729 cum
423 2689 474 2730 de
492 2702 536 2731 se
553 2690 647 2741 ipso
665 2691 878 2740 loquatur,
901 2689 1001 2740 quia
1020 2700 1155 2739 remp.
1178 2700 1266 2728 una
1290 2700 1389 2727 cum
1413 2689 1506 2738 ipso
1525 2689 1682 2738 percul-

190 2753 283 2783 sam
310 2743 629 2797 coniectumque
655 2755 746 2784 esse
773 2743 866 2784 vult
894 2742 1161 2793 existimari3
1188 2741 1243 2784 cf.
1266 2743 1289 2791 5
1316 2743 1381 2792 53,
1405 2741 1452 2780 in
1479 2741 1564 2801 Ιζίε.
1585 2753 1621 2782 c.
1641 2744 1679 2783 9.

189 2811 394 2842 mozro.
451 2798 702 2840 Translate:
740 2797 883 2837 ‘while
901 2797 975 2837 the
993 2798 1106 2837 state
1124 2794 1212 2836 had
1230 2794 1321 2835 still
1338 2793 1411 2834 life
1429 2792 1476 2833 in
1494 2791 1561 2833 1t.’
