1812 2950
174 140 296 205 ᾰμ134
536 139 672 188 PRO
710 140 763 187 P.
805 139 1049 189 SESTIO
1084 142 1129 202 §g
1165 141 1362 188 42—43

276 270 307 310 l.
318 270 384 310 21.
405 274 569 319 publici
583 271 772 320 consilii]
791 269 860 309 i.e.
873 277 1090 320 senatus,
1109 270 1199 311 ‘the
1212 271 1390 311 Council
1401 271 1448 311 of
1459 271 1609 320 State,'
1622 273 1699 311 not

203 323 300 364 ‘the
318 324 458 375 policy
477 325 523 363 of
539 325 612 364 the
633 324 765 363 state'
790 324 854 376 (de
874 327 980 364 orat.
1003 337 1020 363 1
1039 327 1059 374 ς
1079 325 1189 376 211).
1245 325 1309 364 Cf.
1331 337 1391 364 or.
1406 338 1448 376 p.
1463 325 1587 365 Rosc.
1603 325 1696 364 Am.

197 380 219 429 ξ
236 378 314 420 151
327 378 646 430 diprohibeant,
665 384 712 418 ut
729 379 815 426 hoc,
833 380 941 429 quod
959 381 1134 418 maiores
1153 381 1424 419 consilium
1442 380 1699 431 publicum

197 434 340 473 vocari
367 433 599 480 voluerunt,
612 432 877 483 praesidium
894 438 1094 472 sectorum
1113 434 1382 481 existimetur,
1403 432 1459 474 ib.
1483 435 1505 482 ἓ
1525 433 1616 483 153,
1637 445 1697 472 or.

198 485 308 528 Phil.
343 498 387 527 1v
413 488 435 536 ἓ
465 486 517 525 14
552 492 752 534 senatum,
781 487 830 525 id
858 492 918 526 est
945 487 1054 526 orbis
1085 492 1218 527 terrae
1249 488 1534 536 consilium,
1566 487 1697 527 delere

195 543 334 592 gestit,
347 542 435 592 ipse
452 539 694 594 (Antonius)
715 541 984 580 consilium
1001 541 1260 591 publicum
1278 542 1439 580 nullum
1455 542 1589 590 habet,
1605 540 1696 579 Liv.

197 606 307 636 xxm
325 595 364 644 2,
387 594 428 641 4,
450 594 514 644 22,
534 595 575 642 2,
594 605 695 634 xxiv
713 594 779 644 22,
804 593 828 633 6
848 600 1012 634 senatus
1032 595 1130 634 inde
1153 596 1296 634 haberi
1315 600 1479 645 coeptus
1499 601 1570 644 est,
1591 596 1699 645 quod

197 651 307 689 sicut
331 654 530 698 reynante
562 649 747 688 Hierone
780 655 988 688 manserat
1015 649 1276 699 publicum
1312 649 1593 697 consilium,
1634 650 1699 687 ita

191 708 289 754 post
319 708 487 743 mortem
519 703 607 742 eius
641 707 736 742 ante
764 715 851 742 eam
878 703 985 742 diem
1016 704 1136 742 nulla
1170 703 1218 742 de
1247 715 1291 742 re
1324 715 1452 753 neque
1485 705 1699 742 convocati

197 769 329 808 neque
348 757 526 796 consulti
540 757 729 807 fuerant,
750 768 786 795 11
805 757 870 803 23,
894 757 942 795 11
963 758 1236 796 moderatores
1259 757 1458 808 publici
1487 758 1623 796 consi
1637 757 1698 794 lii

199 812 519 857 circumsistunt,
553 821 607 850 111
636 810 701 856 63,
732 810 783 849 10
800 823 809 857 ;
849 821 895 849 v1
925 810 963 859 6,
1004 811 1052 849 15
1081 811 1316 861 praesidem
1350 811 1472 849 huius
1501 811 1699 861 publici

200 865 427 912 consilii,
448 876 506 905 or.
531 876 573 914 p.
593 864 739 903 Rabir.
760 863 873 914 perd.
900 876 972 903 reo
994 866 1016 913 ἓ
1036 865 1061 903 4
1090 867 1232 915 ayitur
1259 866 1371 903 nihil
1398 865 1520 903 aliud
1547 865 1594 903 in
1623 863 1699 903 hiic

199 931 340 966 causa,
378 920 475 968 nisi,
510 924 557 957 ut
588 919 750 957 nullum
778 921 833 957 sit
868 920 1039 968 posthac
1077 921 1124 957 in
1159 931 1203 958 re
1235 919 1410 969 publica
1442 919 1539 968 pub
1552 919 1700 956 licum

200 973 478 1021 consilium,
512 971 651 1012 where
686 972 877 1011 however
915 972 981 1010 Mr
1023 972 1229 1011 Heitland
1266 970 1551 1011 understands
1589 971 1622 1010 it
1655 974 1700 1010 to

199 1039 327 1066 mean
351 1028 362 1047 ‘
375 1038 400 1065 a
415 1037 614 1065 common
627 1024 637 1043 '
664 1038 712 1065 or
736 1031 746 1048 ‘
762 1028 872 1065 state
891 1025 1048 1076 poliey'
1079 1027 1124 1065 in
1143 1038 1241 1077 opp.
1265 1029 1310 1066 to
1330 1026 1404 1065 the
1425 1025 1572 1065 selfish
1592 1026 1701 1064 aims

201 1081 248 1120 of
261 1080 576 1129 unscrupulous
595 1079 886 1130 demagogues.

279 1156 308 1198 l.
340 1157 405 1195 23.
463 1158 623 1203 opponi
649 1157 850 1194 omnibus
878 1157 1164 1199 contionibus,
1197 1155 1322 1192 ‘were
1345 1153 1531 1203 paraded
1555 1152 1696 1191 before

200 1212 260 1253 all
276 1209 421 1261 public
440 1207 907 1258 assemblies-—falsely‚
928 1207 962 1246 it
981 1208 1020 1246 is
1045 1211 1151 1256 true,
1174 1206 1251 1246 but
1277 1206 1563 1246 nevertheless
1584 1218 1630 1245 so
1650 1218 1695 1245 as

200 1268 247 1306 to
282 1263 445 1314 inspire
481 1263 721 1302 alarm—as
752 1260 876 1301 those
904 1261 1001 1300 who
1029 1260 1278 1301 sanctioned
1305 1272 1379 1311 my
1405 1259 1694 1300 destruction.’

195 1319 263 1359 On
281 1318 356 1358 the
370 1316 572 1367 meaning
587 1316 633 1355 of
650 1329 805 1367 oppono
825 1316 877 1355 cf.
898 1317 919 1364 ἕ
939 1317 990 1355 52
1009 1328 1082 1354 nec
1102 1316 1257 1353 armati
1278 1317 1480 1353 exercitus
1501 1318 1694 1351 terrorem

195 1377 405 1424 opponet
434 1373 599 1421 toyatis.
736 1373 848 1410 falso
867 1373 944 1410 sed
962 1372 1241 1410 formidolose
1259 1367 1426 1417 tamen]
1455 1377 1517 1405 we
1542 1365 1695 1404 should

195 1428 342 1476 expect
362 1425 480 1477 salso
502 1425 598 1464 illos
619 1425 783 1475 quidem
802 1435 849 1463 or
866 1424 981 1474 falso
1000 1425 1165 1474 quidem
1176 1437 1191 1468 ;
1223 1422 1300 1464 but
1319 1421 1372 1460 cf.
1393 1419 1502 1461 Ovid
1519 1419 1635 1459 Fast.
1658 1430 1692 1458 11

196 1482 274 1520 203
300 1485 423 1531 porta
449 1485 576 1519 vacat
603 1479 727 1530 culpa
738 1492 755 1525 ;
785 1478 856 1518 sed
885 1484 1021 1517 tamen
1048 1489 1163 1516 omen
1187 1478 1319 1526 habet,
1344 1487 1405 1514 or.
1425 1474 1471 1513 in
1491 1473 1574 1514 Pis.
1600 1476 1621 1523 ἓ
1644 1474 1693 1512 27

195 1536 360 1584 colle9it
389 1535 477 1584 ipse
511 1545 554 1573 sc
585 1534 673 1580 vix,
703 1533 774 1572 sed
805 1533 971 1582 collegit
1002 1537 1150 1570 tamen.
1220 1530 1298 1569 We
1329 1528 1574 1568 sometimes
1606 1526 1691 1567 find

195 1591 359 1630 omnino
378 1599 426 1626 or
443 1588 604 1627 scilicet
622 1586 668 1625 in
687 1585 774 1626 lieu
793 1585 839 1624 of
856 1587 1032 1636 quidem,
1054 1588 1074 1635 ἓ
1095 1585 1147 1624 74
1166 1584 1194 1623 1.
1215 1586 1254 1634 8,
1277 1586 1299 1634 ξ
1318 1584 1371 1623 84
1389 1583 1418 1621 1.
1439 1584 1479 1622 8.

282 1671 312 1712 1.
334 1673 399 1712 24.
457 1676 514 1713 ad
541 1674 795 1722 perniciem]
830 1671 960 1711 ‘with
988 1683 1014 1712 a
1031 1671 1136 1711 view
1154 1672 1201 1711 to
1227 1683 1300 1721 my
1323 1670 1451 1709 ruin.’
1508 1669 1571 1711 Gf.
1602 1672 1623 1720 ξ
1644 1671 1691 1709 12

205 1728 375 1767 adiutor
393 1727 449 1765 ad
468 1729 732 1766 excitandum
751 1728 988 1772 Antonium,
1009 1728 1031 1774 ς
1052 1726 1129 1766 116
1148 1726 1279 1764 sedem
1299 1726 1354 1763 ad
1372 1725 1559 1763 salutem.

277 1814 306 1856 1.
339 1814 405 1853 25.
458 1824 607 1854 vocem
637 1817 828 1863 mittere,
866 1815 935 1854 ‘to
963 1815 1077 1853 utter
1105 1824 1130 1852 a
1159 1811 1378 1864 syllablez'
1408 1813 1460 1853 cf.
1494 1811 1585 1852 Liv.
1616 1824 1698 1851 xxx
1780 1821 1784 1860 '.

201 1870 251 1908 12
270 1870 308 1908 si
329 1869 520 1919 captivae
540 1869 653 1919 apud
672 1869 879 1907 dominum
905 1880 1068 1907 vocem
1094 1869 1319 1918 supplicem
1345 1868 1544 1906 mittere
1575 1868 1685 1906 licet.

278 1949 307 1990 1.
338 1950 404 1990 26.
475 1953 653 1990 intenta
741 1952 981 1989 cervicibus
1068 1951 1243 1993 vestris,
1289 1952 1420 1987 ‘were
1457 1946 1598 1986 aimed
1636 1950 1691 1995 at,

199 2002 462 2051 threatened,
495 2015 603 2054 your
634 2002 764 2042 necks
778 2004 807 2042 :¹
847 2015 909 2042 or.
938 2015 978 2052 p.
1013 2002 1103 2042 Mil.
1139 2005 1160 2052 5
1189 2002 1241 2041 36
1275 2003 1478 2041 actionem
1508 2002 1695 2051 perduel-

201 2059 325 2098 lionis
352 2058 645 2097 intenderat
666 2056 822 2106 (which
837 2056 999 2096 Purton
1014 2056 1203 2105 Wrongly
1218 2055 1448 2094 translates
1469 2054 1575 2093 ‘had
1593 2055 1697 2094 laid

199 2124 258 2152 an
288 2110 605 2162 impeachment
637 2110 703 2150 for
730 2111 836 2160 high
861 2110 1085 2162 treason'),
1114 2110 1165 2149 de
1199 2113 1305 2148 orat.
1335 2121 1350 2147 1
1378 2112 1400 2158 ξ
1427 2110 1480 2147 42
1509 2110 1697 2158 εἱηρηῑαε

191 2166 389 2218 familiae
410 2167 525 2205 litem
553 2166 633 2205 tibi
660 2166 995 2214 intenderent,
1028 2175 1089 2204 or.
1109 2175 1149 2214 p.
1174 2163 1296 2203 Bosc.
1317 2163 1412 2204 Am.
1437 2165 1459 2212 ἓ
1489 2163 1511 2203 7
1533 2163 1697 2214 pericu-

201 2222 285 2260 lum
303 2220 412 2270 quod
428 2220 476 2258 in
496 2220 626 2258 omnis
655 2220 961 2258 intenditur.

278 2300 306 2342 1.
332 2301 398 2340 28.
455 2303 781 2340 coniuratorum
806 2303 953 2347 coplas
978 2300 1166 2349 veteres]
1196 2297 1282 2338 Cic.
1303 2296 1504 2347 regarded
1526 2296 1697 2336 Clodius

199 2367 247 2395 as
278 2366 304 2395 a
334 2353 489 2393 second
517 2352 702 2392 Catiline
731 2365 777 2393 or
805 2365 854 2392 as
882 2355 993 2392 ultor
1021 2355 1248 2402 Catilinae,
1267 2351 1361 2391 who
1389 2351 1474 2390 had
1501 2351 1698 2390 reunited

199 2409 273 2449 the
301 2406 404 2447 arch
432 2406 736 2456 conspirator's
764 2406 926 2446 broken
955 2407 1119 2447 forces:
1149 2406 1202 2445 cf.
1233 2418 1292 2446 or.
1326 2405 1371 2443 in
1399 2405 1483 2444 Pis.
1506 2407 1527 2455 ξ
1557 2405 1607 2444 11
1631 2407 1698 2444 cui
1781 2424 1783 2435 v

201 2461 382 2515 (clodio)
406 2462 598 2512 templum
626 2461 810 2500 Castoris
827 2462 920 2512 fuit
945 2473 1024 2499 aroe
1048 2462 1202 2500 civium
1221 2460 1495 2510 perditorum,
1517 2464 1697 2509 recepta-

199 2518 338 2557 culum
354 2521 535 2555 veterum
556 2515 771 2554 Catilinae
789 2515 983 2560 militum,
1003 2514 1060 2552 ib.
1083 2516 1104 2563 §
1126 2514 1176 2554 16
1196 2514 1306 2564 quod
1332 2514 1466 2551 maius
1493 2513 1697 2552 iudicium
1780 2514 1783 2531 ¹

200 2570 460 2622 exspectatis,
484 2568 598 2608 nihil
625 2569 737 2607 inter
762 2580 831 2606 vos
858 2573 899 2606 ct
924 2568 1156 2607 Catilinam
1173 2567 1425 2616 interfuisse,
1447 2578 1572 2617 quam
1593 2567 1698 2615 quod
1780 2568 1782 2614 ξ

200 2625 369 2664 eandem
386 2623 509 2663 illam
526 2633 692 2661 manum
716 2634 767 2660 ex
791 2622 1074 2660 intermortuis
1106 2621 1319 2660 Catilinae
1347 2621 1539 2670 reliquiis
1568 2621 1696 2658 conci·
1779 2623 1781 2654 1

199 2679 354 2718 tastis?
487 2679 671 2716 effusam
691 2686 742 2715 ac
762 2679 1030 2722 superatam,
1056 2673 1282 2714 ‘scattered
1300 2673 1387 2713 and
1405 2672 1697 2723 vanquished.’
1779 2674 1781 2716 ζ

202 2730 343 2779 Orelli,
362 2729 538 2777 Dobree,
557 2729 823 2779 Wesenberg,
839 2727 1074 2775 Eberhard,
1095 2727 1305 2778 objecting
1324 2726 1638 2776 unreasonably
1656 2728 1699 2765 to
1779 2735 1781 2770 j

202 2785 274 2826 the
292 2783 584 2825 combination
604 2783 650 2822 of
666 2782 785 2822 these
803 2781 1058 2833 participles,
1075 2781 1213 2821 would
1232 2781 1333 2821 read
1343 2783 1489 2832 susam
1508 2793 1557 2820 ac
1577 2781 1695 2819 dissi·
1778 2781 1780 2828 ζ
