1812 2950
319 125 458 175 PRO
493 125 550 176 P.
590 124 834 174 SESTIO
873 122 1132 172 ORATIO
1166 125 1212 185 gg
1251 124 1447 171 15-20
1604 123 1633 171 9

133 255 397 315 Romanos,
434 254 764 302 minitabatur
801 253 1013 312 senatui,
1053 253 1347 300 venditabat
1387 269 1438 300 se
1474 253 1634 315 operis

128 342 276 398 atque
299 337 362 384 ab
385 337 448 383 iis
472 352 521 384 se
545 341 785 398 ereptum,
811 351 874 382 ne
898 336 958 382 de
982 335 1177 383 ambitu
1200 351 1398 382 causam
1432 334 1631 394 diceret,

128 419 442 481 praedicabat
476 419 538 466 ab
566 418 818 480 isdemque
854 434 905 465 se
930 413 1092 477 [etiam
1122 417 1283 465 invito
1314 409 1508 477 senatu]
1522 435 1631 481 pro-

128 501 344 547 vinciam
362 516 558 564 sperare
583 500 777 547 dicebat
800 517 809 527 ·
796 516 1041 563 ,eamque
1064 500 1161 547 nisi
1185 500 1395 563 adeptus
1418 506 1560 560 esset,
1581 518 1633 549 se

85 601 105 633 5
127 582 424 630 incolumem
447 582 587 629 nullo
611 581 756 628 modo
780 580 885 628 fore
909 582 1259 630 arbitrabatur.
1333 583 1497 643 Alter,
1523 598 1553 629 o
1581 582 1632 629 di
1658 583 1717 630 19

127 662 266 711 boni!
302 679 448 744 quam
473 667 632 729 taeter
655 662 926 721 incedebat,
954 678 1101 725 quam
1131 648 1455 722 truculentus,
1483 678 1632 725 quam

128 745 361 792 terribilis
379 721 607 807 aspectu
605 747 612 780 Ι
665 743 841 791 Unum
865 744 1083 806 aliquem
1105 748 1156 791 te
1180 759 1244 791 ex
1269 744 1489 790 barbatis
1513 743 1629 801 illis,

127 828 442 891 exemplum
429 825 625 889 imperii
639 825 834 884 veteris,
855 826 1123 888 imaginem
1139 826 1473 889 antiquitatis,
1503 826 1632 873 colu-

127 925 238 956 men
262 908 335 955 rei
357 907 583 970 publicae
606 906 792 953 diceres
815 906 1015 953 intueri.
1077 906 1309 986 VObSffitPS
1332 923 1502 969 aspere
1525 923 1632 954 nos-

64 1005 103 1037 10
123 998 202 1038 tra
237 992 327 1037 hac
362 1005 583 1052 purpura
618 988 811 1051 plebeia
851 1005 907 1035 ac
949 1005 1103 1051 paene
1151 968 1302 1048 fusca,
1346 990 1524 1052 capillo
1558 990 1632 1036 ita

127 1073 336 1131 horrido,
364 1076 423 1118 ut
446 1071 633 1133 Capua,
660 1070 714 1116 in
738 1085 837 1133 qua
863 1069 970 1133 ipsa
994 1076 1103 1117 tum
1127 1071 1358 1135 imaginis
1381 1072 1631 1118 ornandae

124 1171 267 1203 causa
324 1153 699 1201 duumviratum
751 1153 966 1215 gerebat,
1019 1153 1290 1216 Seplasiam
1343 1137 1630 1201 sublaturus

123 1235 386 1283 videretur.
460 1235 593 1281 Nam
629 1234 750 1296 quid
782 1251 870 1297 ego
903 1234 963 1282 de
995 1235 1258 1296 supercilio
1290 1234 1464 1294 dicam,
1499 1235 1631 1298 quod

123 1323 232 1364 tum
256 1309 538 1363 hominibus
562 1331 662 1362 non
687 1315 1022 1378 supercilium,
1056 1316 1141 1362 sed
1166 1315 1346 1378 pignus
1376 1316 1451 1363 rei
1472 1316 1630 1379 publi-

61 1414 100 1446 15
123 1415 204 1446 cae
246 1398 544 1445 videbatur?
614 1397 777 1443 Tanta
812 1403 919 1443 erat
953 1397 1171 1459 gravitas
1207 1397 1260 1444 in
1293 1398 1446 1457 oculo,
1484 1402 1631 1445 tanta

122 1480 395 1527 contractio
440 1479 635 1538 frontis,
673 1483 731 1524 ut
776 1478 864 1524 illo
912 1478 1172 1540 supercilio
1209 1495 1370 1526 annus
1411 1480 1495 1527 ille
1532 1481 1629 1528 niti

122 1569 375 1624 tamquam
403 1561 523 1609 vade
558 1559 824 1608 videretui.
898 1560 1024 1607 Erat
1057 1561 1138 1607 hic
1173 1561 1396 1608 omnium
1431 1578 1626 1611 sermo:
1651 1566 1713 1614 20

126 1644 239 1691 ‘Est
253 1649 421 1689 tamen
435 1642 508 1688 rei
522 1641 750 1704 publicae
767 1657 1002 1750 111αέ6111
1015 1641 1385 1731 firmumque
1334 1644 1628 1706 subsidium,

121 1725 275 1772 habeo
311 1738 455 1786 quem
503 1737 750 1785 opponam
790 1697 893 1768 la'bl
931 1713 1028 1768 illi
1054 1698 1223 1785 61511116
1253 1715 1437 1784 caeno,
1479 1726 1628 1773 vultu

59 1802 199 1878 20<me
234 1804 344 1851 dius
391 1798 554 1860 fidius)
584 1801 797 1864 collegae
843 1801 922 1848 sui
967 1802 1226 1850 libidinem
1267 1803 1625 1870 levitatemque

120 1887 314 1948 franget
322 1903 335 1944 3
372 1884 574 1931 habebit
610 1888 810 1931 senatus
833 1883 888 1930 in
911 1884 1046 1932 hunc
1069 1902 1258 1932 annum
1282 1902 1427 1949 quem
1459 1904 1627 1952 sequa-

119 1972 203 2013 tur
210 1983 225 2026 3
261 1981 360 2013 non
388 1964 546 2012 deerit
578 1970 751 2011 auctor
778 1971 829 2011 et
862 1964 968 2012 dux
993 1967 1134 2013 bonis
1153 1966 1180 2013 '.
1255 1967 1387 2014 Mihi
1411 1969 1626 2034 denique

121 2048 341 2095 homines
398 2046 658 2109 praecipue
712 2048 1108 2110 gratulabantur,
1170 2049 1301 2111 quod
1364 2050 1626 2100 habiturus

119 2144 271 2175 essem
307 2133 479 2175 contra
513 2128 772 2174 tribunum
819 2129 977 2191 plebis
1022 2129 1262 2177 furiosum
1303 2135 1355 2178 et
1388 2132 1626 2181 audacem

58 2225 96 2258 25
118 2226 230 2256 cum
255 2209 468 2256 amicum
493 2214 543 2256 et
574 2210 799 2268 adfinem,
827 2217 937 2257 tum
969 2211 1122 2258 etiam
1145 2212 1326 2260 fortem
1350 2218 1403 2260 et
1424 2230 1626 2277 gravem

118 2289 378 2338 consulem.

217 2369 313 2417 IX.
387 2371 560 2433 Atque
595 2387 766 2418 eorum
797 2372 925 2420 alter
953 2373 1138 2421 fefellit
1166 2377 1424 2425 neminem.
1501 2378 1625 2436 Quis

117 2451 248 2498 enim
284 2450 480 2498 clavum
511 2452 644 2498 tanti
674 2451 871 2515 imperii
902 2458 1073 2503 tenere
1105 2460 1157 2503 et
1188 2457 1520 2519 gubernacula
1550 2461 1625 2508 rei

117 2531 340 2595 publicae
374 2508 590 2579 tractare
624 2532 679 2579 in
709 2534 929 2582 maximo
964 2551 1111 2584 cursu
1145 2553 1201 2583 ac
1225 2538 1460 2586 fluctibus
1483 2556 1624 2602 posse

55 2633 97 2666 30
117 2612 445 2660 arbitraretur
489 2612 741 2660 hominem
788 2630 1032 2663 emersum
1068 2617 1234 2665 subito
1276 2634 1339 2665 ex
1373 2619 1625 2671 diuturnis

118 2693 332 2740 tenebris
355 2693 538 2740 lustror
539 2709 624 2740 um
660 2711 716 2742 ac
744 2699 1047 2787 stuprorum,
1075 2698 1207 2758 vino,
1236 2701 1419 2762 ganeis,
1447 2702 1623 2750 lenoci-

119 2772 215 2819 niis
248 2772 602 2836 adulteriisque
634 2753 928 2837 confectum,
965 2794 1077 2825 cum
1111 2779 1154 2826 is
1183 2786 1379 2842 praeter
1407 2797 1543 2846 spem
1567 2784 1623 2831 in
