1812 2950
1210 58 1224 80 l

119 193 122 197 .
181 156 266 208 „38
565 153 634 202 M.
688 152 904 200 TULLI
951 151 1335 201 CICERONIS

202 283 640 332 consceleratorum
672 282 918 328 latronum
943 286 1008 339 et,
1033 297 1144 328 cum
1168 282 1229 328 ad
1251 281 1419 328 fratris
1442 281 1649 328 salutem
1673 298 1703 328 a

201 363 381 428 populo
406 363 630 410 Romano
663 361 1014 424 deprecandam
1038 362 1265 421 venisset,
1291 362 1462 424 pulsus
1484 379 1511 410 e
1533 364 1703 410 rostris

202 445 256 492 in
280 444 479 492 comitio
502 442 654 490 iacuit
677 458 822 505 seque
846 457 1098 488 servorum
1117 448 1166 489 et
1188 443 1477 489 libertorum
1494 443 1702 505 corpori-

202 527 294 573 bus
321 526 514 573 obtexit
536 525 789 586 vitamque
818 529 926 570 tum
959 539 1098 570 suam
1129 524 1286 571 noctis
1317 531 1368 571 et
1400 524 1544 587 fugae
1571 540 1704 587 prae-

114 607 176 657 '7¹7
200 607 339 666 sidio,
383 622 482 653 non
521 605 644 652 iuris
679 605 1067 667 iudiciorumque
1102 604 1334 652 defendit.
1406 605 1705 652 Meministis
1730 618 1752 651 ⁵
1803 586 1805 679 ξ

203 693 325 747 tum,
374 688 576 746 iudices,
625 687 908 748 corporibus
965 686 1147 732 civium
1193 686 1410 732 Tiberim
1460 685 1703 747 compleri,

204 769 388 817 cloacas
422 768 658 826 resarciri,
685 784 712 814 e
739 767 847 814 foro
882 767 1098 829 spongiis
1132 767 1295 829 effingi
1326 767 1624 829 sanguinem,
1649 771 1707 812 ut

206 866 372 898 omnes
395 855 587 898 tantam
610 849 745 895 illam
771 849 959 911 copiam
978 853 1028 896 et
1051 854 1152 895 tam
1175 849 1486 911 magnificum
1510 866 1706 912 appara-

205 937 312 978 tum
358 947 458 978 non
503 931 755 993 privatum
796 935 885 976 aut
922 929 1178 991 plebeium,
1222 929 1306 976 sed
1350 929 1612 991 patricium
1658 935 1707 976 et

206 1013 505 1075 praetorium
530 1027 630 1058 esse
655 1010 1027 1058 arbitrarentur.

306 1093 568 1140 XXXVI.
639 1092 785 1138 Nihil
830 1107 987 1154 neque
1033 1098 1149 1138 ante
1185 1092 1276 1138 hoc
1316 1097 1509 1154 tempus
1549 1108 1707 1155 neque

207 1175 296 1223 hoc
341 1175 447 1238 ipso
493 1173 919 1221 turbulentissimo
977 1173 1057 1220 die
1103 1173 1433 1220 criminamini
1478 1173 1702 1220 Sestium.

209 1255 398 1318 ‘Atqui
429 1255 505 1301 vis
538 1255 592 1301 in
622 1254 727 1300 foro
750 1258 943 1300 versata
975 1255 1078 1300 est.’
1148 1252 1318 1300 Certe:
1355 1253 1549 1314 quando
1572 1253 1702 1299 enim

204 1337 390 1384 maior‘l
435 1336 760 1398 lapidationes
788 1350 1018 1397 persaepe
1053 1334 1282 1394 vidimus,
1317 1349 1418 1380 non
1451 1333 1524 1380 ita
1550 1349 1704 1396 saepe,

206 1419 289 1464 sed
334 1417 544 1464 nimium
578 1422 746 1463 tamen
780 1431 922 1477 saepe
956 1414 1171 1477 gladios:
1225 1414 1418 1460 caedem
1453 1429 1569 1460 vero
1603 1419 1710 1461 tan-

205 1503 321 1556 tam,
365 1502 531 1544 tantos
576 1512 773 1543 acervos
819 1511 1076 1558 corporum
1130 1499 1418 1550 exstructos,
1453 1495 1548 1540 nisi
1583 1495 1710 1542 forte
1798 1497 1799 1500 ’

205 1579 290 1625 1110
338 1578 562 1624 Cinnano
601 1581 752 1639 atque
794 1576 1066 1624 Octaviano
1103 1576 1197 1635 die,
1240 1575 1350 1638 quis
1386 1591 1621 1637 umquam
1657 1574 1711 1621 in

205 1659 312 1706 foro
345 1658 507 1706 viditse
544 1659 653 1716 Qua
688 1674 751 1704 ex
787 1659 1112 1705 concitatione
1148 1657 1453 1704 animorum?
1482 1658 1613 1705 Nam
1648 1670 1712 1707 ex

207 1739 477 1802 pertinacia
522 1744 610 1785 aut
656 1740 934 1786 constantia
978 1737 1308 1785 intercessoris
1358 1737 1517 1783 oritur
1571 1751 1712 1798 saepe

206 1821 379 1868 seditio
414 1820 557 1883 culpa
580 1824 727 1882 atque
750 1819 1065 1882 improbitate
1088 1818 1258 1865 latoris
1281 1818 1531 1865 commodo
1549 1818 1714 1878 aliquo

206 1902 362 1949 oblato
386 1901 633 1964 imperitis
651 1904 739 1947 aut
762 1900 1050 1962 largitione3
1087 1900 1245 1945 oritur
1268 1914 1331 1944 ex
1353 1898 1713 1945 concertatione

191 1983 615 2045 'magistratuum3
673 1981 833 2028 oritur
878 1979 1058 2027 sensim
1106 1995 1168 2026 ex
1218 1978 1426 2025 clamore
1483 1979 1710 2038 primum,

206 2063 383 2110 deinde
418 2063 585 2125 aliqua
619 2062 911 2109 discessione
945 2059 1221 2118 contionis3
1255 2059 1344 2104 vix
1375 2074 1480 2105 sero
1518 2064 1568 2104 et
1603 2074 1713 2104 raro
1788 2058 1792 2115 J

1788 2125 1792 2140 r

206 2145 269 2191 ad
308 2159 482 2191 manus
519 2142 834 2206 pervenitur:
876 2142 1015 2188 nullo
1057 2156 1174 2187 vero
1213 2140 1363 2186 verbo
1393 2139 1538 2198 facto,
1575 2139 1714 2186 nulla

206 2226 433 2272 contione
464 2226 713 2283 advocata,
747 2223 886 2270 nulla
917 2223 1020 2270 lata
1055 2223 1160 2284 lege
1192 2221 1487 2268 concitatam
1521 2227 1715 2267 noctur·
1789 2267 1791 2290 ;

118 2305 180 2353 '78
202 2321 318 2351 nam
353 2305 640 2352 seditionem
672 2305 783 2367 quis
815 2303 1038 2350 audivit‘l
1085 2302 1171 2348 An
1207 2301 1313 2348 veri
1348 2300 1506 2347 simile
1541 2305 1629 2359 est,
1656 2305 1714 2346 ut
1789 2299 1791 2327 ³

207 2385 329 2431 civis
353 2385 605 2432 Romanus
630 2391 717 2431 aut
739 2385 883 2431 homo
906 2384 1031 2430 liber
1054 2382 1315 2445 quisquam
1340 2396 1451 2427 cum
1478 2379 1640 2442 gladio
1661 2379 1714 2425 in

207 2465 368 2512 forum
392 2465 699 2511 descenderit
717 2469 831 2511 ante
855 2464 1028 2522 lucem,
1050 2479 1112 2509 ne
1136 2463 1196 2508 de
1214 2478 1292 2508 me
1308 2461 1427 2507 ferri
1445 2464 1711 2522 pateretur,
1786 2476 1789 2515 g

207 2549 402 2606 praeter
434 2561 528 2603 eOS,
555 2545 642 2607 qui
677 2546 738 2591 ab
773 2545 860 2591 illo
894 2543 1124 2606 pestifero
1161 2559 1216 2589 ac
1250 2541 1443 2604 perdito
1484 2540 1583 2586 civi
1615 2540 1713 2585 iam
1785 2586 1789 2611 Α,

205 2624 396 2687 pridem
429 2625 501 2672 rei
536 2625 757 2686 publicae
789 2624 1027 2686 sanguine
1058 2622 1380 2685 saginantur?
1409 2620 1511 2667 Hic
1533 2620 1633 2665 iam
1657 2619 1715 2665 de

204 2706 310 2766 ipso
344 2711 623 2752 accusatore
659 2720 854 2767 quaero,
881 2705 967 2766 qui
1003 2703 1058 2749 P.
1095 2703 1308 2749 Sestium
1344 2700 1568 2763 queritur
1603 2714 1713 2745 cum

205 2785 526 2832 multitudine
549 2786 600 2832 in
625 2787 886 2832 tribunatu
904 2790 955 2831 et
970 2800 1080 2830 cum
1098 2783 1339 2846 praesidio
1353 2795 1531 2842 magno
1549 2779 1711 2837 fuisse,

1737 1007 1803 1058 10'

1739 1403 1799 1460 15³
