1806 2918
496 566 568 618 M.
618 562 861 633 TULLIR
894 559 1300 615 CICERONIS

300 717 498 780 PRO
556 718 630 778 P.
692 713 1042 778 SESTIO
1105 712 1496 776 ORATIO

711 880 786 919 AD
824 877 1023 918 IUDIOE
1030 877 1072 918 S.

231 1020 273 1066 I.
337 1019 391 1066 si
409 1019 517 1081 quis
534 1023 694 1076 antea,
711 1016 910 1075 iudices,
928 1015 1205 1062 mirabatur
1222 1014 1342 1076 quid
1358 1018 1487 1061 esset
1505 1014 1635 1076 quod
1665 1014 1690 1060 1

66 1135 69 1140 f
130 1117 220 1164 pro
236 1102 392 1148 tantis
410 1100 583 1162 opibus
601 1099 673 1146 rei
690 1098 914 1161 publicae
930 1101 1167 1158 tantaque
1182 1096 1425 1159 dignitate
1442 1095 1637 1158 imperii

131 1197 443 1244 nequaquam
484 1180 604 1226 satis
643 1178 792 1225 multi
832 1178 963 1225 cives
999 1177 1119 1224 forti
1157 1182 1208 1223 et
1252 1192 1428 1239 magno
1474 1177 1637 1223 animo

131 1262 489 1319 invenirentur,
516 1260 603 1323 qui
630 1259 872 1306 auderent
902 1274 953 1305 se
984 1263 1034 1304 et
1063 1258 1274 1305 salutem
1305 1273 1444 1304 suam
1467 1256 1522 1302 in
1545 1256 1637 1303 dis-

8 1354 10 1361 ’
87 1359 107 1391 5
134 1345 317 1391 crimen
338 1343 508 1390 offerre
531 1358 620 1403 pro
639 1346 774 1388 statu
797 1340 1014 1387 civitatis
1038 1345 1088 1386 et
1111 1355 1200 1402 pro
1225 1339 1473 1385 communi
1496 1339 1637 1385 liber-

117 1430 249 1484 tate,
274 1424 317 1471 is
327 1421 518 1489 [ex]hoc
540 1429 760 1486 tempore
783 1424 991 1469 miretur
1013 1421 1192 1484 potius,
1220 1421 1263 1467 si
1282 1436 1428 1482 quem
1452 1420 1638 1466 bonum

131 1513 182 1554 et
203 1506 383 1553 fortem
405 1507 562 1552 civem
584 1504 779 1562 viderit,
788 1519 936 1566 quam
959 1504 1002 1550 si
1025 1519 1172 1565 quem
1189 1509 1277 1549 aut
1295 1502 1529 1548 timidum
1546 1506 1635 1548 aut

132 1588 225 1635 sibi
258 1589 418 1650 potius
449 1603 596 1649 quam
627 1585 701 1632 rei
731 1585 954 1647 publicae
989 1584 1335 1631 consulentem.
1408 1583 1541 1630 Nam
1579 1589 1635 1630 ut

132 1668 375 1716 omittatis
406 1667 467 1715 de
497 1667 645 1713 unius
675 1666 907 1728 cuiusque
942 1682 1056 1713 casu
1088 1665 1347 1727 cogitando
1377 1664 1633 1722 recordari,

67 1766 107 1799 10
131 1766 232 1798 uno
262 1754 461 1812 aspectu
490 1749 674 1795 intueri
704 1748 909 1810 potestis
941 1764 1036 1807 eos,
1062 1747 1149 1809 qui
1173 1763 1285 1794 cum
1309 1751 1498 1805 senatu,
1525 1762 1636 1793 cum

131 1831 274 1879 bonis
308 1830 533 1878 omnibus
566 1846 671 1877 rem
710 1830 957 1892 publicam
997 1829 1241 1875 adflictam
1281 1828 1548 1875 excitarint
1587 1834 1638 1875 et

131 1912 387 1960 latrocinio
405 1911 669 1959 domestico
687 1911 958 1969 liberarint,
977 1915 1202 1964 maestos,
1217 1909 1503 1968 sordidatos,
1530 1926 1636 1956 reos

132 1993 194 2040 de
228 1992 400 2054 capite,
434 1991 495 2039 de
530 1992 673 2052 fama,
708 1991 768 2038 de
803 1990 1019 2051 civitate,
1046 1992 1106 2037 de
1133 1990 1360 2048 fortunis,
1388 1989 1448 2036 de
1471 1989 1639 2037 liberis

134 2072 413 2120 dimicantis
435 2089 450 2132 ;
489 2073 573 2119 ¹eos
604 2076 783 2129 autem,
818 2072 906 2134 qui
937 2072 1101 2119 omnia
1132 2071 1303 2119 divina
1337 2075 1387 2117 et
1421 2070 1639 2118 humana

66 2168 106 2203 1⁵
131 2153 366 2201 violarint
396 2152 642 2212 vexarint,
667 2152 1007 2215 perturbarint
1038 2152 1321 2211 everterint,
1347 2168 1448 2198 non
1479 2151 1638 2219 solum

133 2235 306 2284 alacris
339 2235 591 2296 laetosque
626 2234 846 2293 volitare,
881 2235 965 2282 sed
1000 2234 1150 2282 etiam
1181 2233 1463 2282 fortissimis
1489 2227 1640 2297 atque

133 2315 331 2378 optimis
366 2315 555 2361 civibus
587 2314 861 2377 periculum
894 2314 1071 2374 moliri,
1109 2314 1170 2362 de
1204 2330 1256 2362 se
1289 2314 1415 2361 nihil
1450 2314 1636 2361 timere.

133 2394 199 2441 In
229 2411 327 2458 quo
358 2410 470 2467 cum
500 2394 658 2441 multa
688 2399 805 2441 sunt
836 2394 1052 2457 indigna,
1086 2399 1196 2456 tum
1226 2394 1353 2441 nihil
1377 2394 1540 2440 minus
1564 2398 1639 2441 est
1663 2393 1694 2443 2

132 2476 402 2534 ferendum,
427 2492 576 2539 quam
607 2476 738 2539 quod
767 2476 867 2522 iam
897 2491 998 2523 non
1029 2491 1117 2538 per
1146 2476 1363 2523 latrones
1386 2491 1514 2536 suos,
1540 2491 1641 2523 non

8 2578 10 2586 ’
66 2570 110 2606 ω
132 2573 220 2620 per
252 2557 473 2604 homines
507 2562 723 2619 egestate
757 2561 808 2603 et
842 2556 1021 2603 scelere
1055 2557 1287 2619 perditos,
1322 2556 1407 2604 sed
1441 2571 1529 2618 per
1552 2572 1640 2604 vos

133 2636 288 2696 nobis,
324 2652 411 2699 per
456 2637 666 2699 optimos
712 2637 843 2684 viros
889 2635 1087 2701 optimis
1133 2637 1323 2684 civibus
1368 2637 1642 2699 periculum

134 2717 316 2766 inferre
351 2724 605 2777 conantur,
642 2724 705 2774 et,
726 2734 847 2780 quos
881 2718 1140 2780 lapidibus,
1178 2734 1300 2781 quos
1338 2718 1482 2775 ferro,
1520 2733 1643 2780 quos

98 2831 321 2894 ‘5355
899 2859 905 2866 ,
1479 2819 1502 2862 1
