1812 2950
177 147 297 204 7164
553 147 692 196 PRO
725 147 782 197 P.
821 146 1062 197 SESTIO
1095 148 1142 210 ἐξ
1177 147 1371 195 64-66

274 277 304 318 1.
325 278 364 319 5.
420 282 721 326 quererentur,
755 282 766 301 ‘
781 276 935 317 should
963 277 1067 328 they
1093 277 1203 319 have
1230 277 1525 329 complained,’
1555 283 1566 303 ⁴
1580 291 1709 324 were,

197 330 300 383 they
314 333 360 372 to
374 332 589 382 complain
602 335 618 371 t>
630 332 639 350 ’
698 333 775 372 See
793 344 835 372 n.
856 335 901 372 to
922 331 1006 373 Cic.
1031 332 1082 372 de
1101 332 1173 372 off.
1193 344 1247 371 111
1266 335 1287 382 ξ
1308 335 1360 373 88
1379 332 1409 372 1.
1429 334 1469 372 4.

275 414 304 455 1.
325 415 364 456 6.
418 419 540 456 nullo
557 426 653 455 meo
672 418 862 462 crimine,
886 419 897 438 ⁶
913 414 1094 454 without
1114 427 1198 465 any
1215 414 1370 465 charge
1387 414 1513 466 being
1536 414 1625 456 laid
1643 418 1688 454 to

196 480 270 520 my
288 471 502 519 account‚’
524 471 545 519 ἓ
563 470 616 509 36
635 469 665 508 1.
686 469 753 519 20,
775 468 913 509 Madv.
938 469 1012 509 Gr.
1032 470 1161 518 5277.

276 551 305 592 1.
329 553 368 592 7.
438 563 527 591 non
563 555 965 592 modo...non...sed
1004 552 1309 602 nemquldem]
1346 550 1515 601 Madvig
1555 550 1626 593 Gr.
1667 554 1690 601 ξ

195 604 274 645 461
286 605 328 651 b,
346 605 480 645 Kenn.
503 607 573 646 Gr.
595 617 634 654 p·
656 605 735 644 326
753 607 789 644 b.
845 606 886 644 It
907 605 945 644 is
964 606 1065 655 only
1078 605 1202 644 when
1220 606 1293 644 the
1309 609 1390 644 two
1403 605 1566 644 clauses
1580 604 1690 644 have

196 671 222 699 a
242 671 440 699 common
457 658 670 709 predicate
688 658 785 698 that
804 671 887 698 non
904 660 1020 699 modo
1038 659 1159 699 takes
1177 658 1250 699 the
1268 660 1386 709 place
1406 659 1453 698 of
1471 671 1555 699 ‘non
1575 660 1690 698 modo

195 725 278 754 ‘non
294 712 341 752 in
359 712 433 753 the
452 713 557 762 first,
582 714 603 761 ἕ
623 713 676 752 20
693 712 724 751 l.
746 713 784 759 1,
805 715 827 762 ἓ
847 713 898 755 73
917 713 946 752 1.
968 713 1034 752 10.

275 796 306 836 1.
327 799 366 837 8.
423 797 653 846 cesseram]
691 796 894 847 referring
923 799 969 837 to
1001 799 1117 838 nullo
1152 810 1238 838 meo
1274 799 1457 843 crimine,
1495 809 1691 838 cesseram

197 852 304 891 enim
330 863 413 890 non
440 852 488 890 ob
516 852 711 891 delictum
737 852 910 902 aliquod
935 853 1006 891 sed
1033 858 1108 893 etc.
1252 855 1489 898 si...voltis‚
1522 850 1581 890 ‘if
1604 862 1691 901 you

196 905 284 944 will
301 904 409 944 have
427 904 462 945 it
483 905 562 946 so,’

275 985 303 1024 l.
326 987 364 1026 9.
425 988 464 1024 sl
483 988 744 1026 commoveri
761 988 908 1026 omma.
925 989 1199 1037 videbantur,
1233 990 1244 1009 ‘
1260 985 1298 1025 if
1322 999 1349 1027 a
1376 986 1548 1036 general
1573 997 1688 1025 revo-

200 1038 343 1079 lution
361 1051 448 1078 was
467 1039 695 1089 expected!

277 1118 304 1159 1.
331 1118 395 1160 11.
455 1123 642 1160 societas
668 1122 1031 1171 magistratuum]
1064 1120 1137 1160 the
1164 1123 1359 1171 compact
1394 1120 1583 1160 between
1614 1119 1690 1160 the

197 1173 370 1213 consuls
388 1173 474 1213 and
492 1173 687 1213 tribunes
706 1175 752 1213 of
769 1174 842 1214 the
860 1176 1008 1225 people
1023 1175 1110 1214 and
1130 1175 1316 1215 Clodius,

280 1247 310 1290 1.
328 1249 393 1291 12.
432 1253 722 1299 reipublicae,
739 1251 803 1290 ‘to
817 1249 891 1289 the
903 1249 1072 1300 general
1086 1250 1222 1300 good,'
1243 1249 1334 1290 ‘the
1346 1262 1543 1290 common
1554 1249 1688 1290 weaL'

275 1327 297 1374 ἓ
318 1330 378 1374 65,
404 1325 435 1364 1.
458 1326 521 1364 12.
577 1329 630 1366 de
650 1331 794 1375 capite
814 1326 938 1378 civis]
966 1340 1015 1368 as
1039 1328 1077 1367 if
1105 1330 1171 1368 lex
1199 1329 1404 1370 followed.
1456 1329 1521 1368 Cf.
1552 1341 1613 1368 or.
1639 1329 1686 1368 in

195 1378 279 1418 Pis.
300 1382 321 1429 ἓ
340 1380 393 1417 30
411 1380 531 1418 illam
551 1381 837 1431 legem...quae
866 1388 956 1421 erat
983 1389 1126 1422 contra
1153 1396 1286 1422 omnes
1320 1385 1424 1432 leyes
1453 1384 1685 1422 indemnati

195 1434 298 1472 civis
315 1438 439 1483 atque
456 1434 610 1483 intem-i
627 1436 778 1485 capitis
791 1437 1059 1487 bonorumque
1079 1438 1304 1476 tribunicia
1316 1437 1578 1487 proscriptio.

195 1515 403 1618 ἓ461.11ἱ’ἰ.1
445 1519 570 1556 cuius
596 1520 714 1558 modi
741 1518 865 1569 civis]
896 1529 954 1558 sc.
980 1519 1053 1559 sit.
1161 1519 1440 1569 proscriptio]
1472 1530 1540 1559 see
1567 1531 1612 1558 n.
1640 1522 1688 1559 to

273 1650 302 1693 1.
327 1651 393 1691 14.
449 1655 635 1693 sacratis
652 1655 842 1705 legibus]
870 1656 892 1703 ἓ
912 1654 963 1694 16
981 1653 1012 1693 1.
1033 1654 1072 1701 6,
1092 1656 1114 1704 ἓ
1134 1655 1184 1696 79
1204 1654 1233 1694 1.
1254 1655 1318 1695 20.

274 1729 304 1769 1.
327 1730 390 1771 15.
450 1735 651 1772 sanctum
688 1733 820 1782 esset]
868 1744 935 1772 see
971 1745 1044 1783 my
1080 1746 1124 1776 n.
1165 1746 1222 1773 on
1257 1734 1402 1776 Planc.
1442 1737 1465 1785 ξ
1497 1735 1551 1775 47
1587 1734 1616 1775 1.
1646 1734 1685 1775 6.

195 1788 491 1833 privilegium,
513 1789 523 1807 ‘
539 1797 624 1835 any
642 1786 905 1835 exceptional
924 1786 1018 1826 bill’
1045 1786 1093 1826 in
1115 1787 1265 1827 favour
1288 1788 1334 1827 of
1358 1801 1407 1828 or
1434 1789 1602 1838 against
1630 1801 1687 1828 an

194 1837 457 1878 individual:
494 1850 555 1878 or.
576 1838 627 1878 de
656 1839 782 1889 domo
805 1852 882 1879 sua
899 1842 920 1889 ὅ
940 1842 992 1880 43
1013 1846 1156 1880 vetant
1185 1842 1288 1891 leges
1315 1847 1517 1888 sacratae,
1545 1848 1688 1882 vetant

196 1893 288 1931 XII
303 1893 483 1939 tabulae,
506 1894 610 1942 leyes
622 1894 759 1943 privis
780 1895 1007 1933 hominibus
1025 1896 1219 1945 irroyari‚
1239 1897 1286 1934 id
1310 1902 1369 1935 est
1396 1897 1504 1935 enim
1524 1897 1687 1946 privi-

199 1947 401 1995 leffium
428 1946 523 1986 Aul.
550 1946 658 1985 Gell.
684 1958 712 1985 x
737 1948 802 1996 20,
834 1948 861 1986 4
890 1961 970 1998 quo
998 1950 1110 1988 circa
1140 1948 1272 1998 (iussa
1302 1949 1352 1988 de
1380 1949 1559 1998 singulis
1590 1961 1688 1988 con-

196 2001 334 2048 cepta)
367 2001 646 2050 privileyia
675 2003 818 2051 potius
837 2003 995 2041 >vocari
1026 2003 1182 2048 debent,
1221 2004 1321 2053 quia
1358 2009 1509 2042 veteres
1539 2004 1688 2053 priva

197 2054 404 2099 dixerunt,
426 2065 531 2103 quae
557 2066 629 2093 nos
655 2056 856 2104 sinyula
883 2057 1070 2102 dicimus,
1090 2055 1141 2095 de
1167 2056 1272 2106 legg.
1292 2067 1347 2095 111
1366 2059 1388 2105 §
1407 2057 1458 2095 45
1477 2058 1525 2095 in
1544 2058 1689 2107 priva-

199 2113 260 2146 tos
288 2107 465 2146 homines
494 2108 598 2156 leyes
620 2109 730 2158 ferri
757 2110 1004 2151 noluerzmt:
1036 2110 1083 2148 id
1107 2115 1167 2149 est
1198 2111 1306 2149 enim
1330 2111 1686 2160 privileyium:
1764 2141 1772 2148 .

200 2172 279 2210 quo
298 2161 400 2210 quid
419 2166 477 2199 est
495 2162 723 2201 iniustius?
751 2174 841 2201 cum
869 2164 970 2212 leyis
996 2164 1094 2202 haec
1119 2164 1184 2202 vis
1212 2165 1282 2208 sit,
1315 2169 1363 2202 ut
1393 2165 1450 2202 sit
1477 2165 1623 2202 scitum
1650 2168 1690 2202 et

198 2215 355 2252 iussum
385 2215 433 2252 in
468 2216 628 2253 omnis?
667 2217 778 2265 ferri
814 2217 863 2255 de
899 2218 1075 2266 sinyulis
1110 2218 1196 2256 nisi
1231 2217 1476 2255 centuriatis
1513 2218 1690 2255 comitiis

198 2268 430 2306 noluerunt.
488 2268 713 2318 descriptus
736 2270 844 2308 enim
866 2271 1042 2320 populus
1064 2282 1197 2315 censu,
1221 2270 1446 2315 ordinibus,
1467 2271 1687 2315 aetatibus,

194 2322 292 2371 plus
316 2321 484 2359 adhibet
505 2322 562 2359 ad
584 2323 826 2371 suffrayium
844 2325 1008 2362 consilii
1027 2335 1150 2372 quam
1165 2325 1262 2374 fase
1280 2324 1328 2361 in
1346 2324 1476 2361 tribus
1497 2335 1688 2362 convoca-

202 2380 268 2413 tus
278 2388 294 2420 ;
324 2373 382 2412 ib.
402 2376 423 2423 ξ
443 2374 492 2412 11
516 2376 800 2425 privileyia
826 2388 877 2415 ‘ne
898 2378 1117 2426 inroyanto
1127 2389 1144 2422 ;
1177 2377 1226 2415 de
1244 2377 1379 2426 capite
1397 2376 1499 2415 civis
1516 2377 1602 2415 'nisi
1613 2388 1691 2427 per
1728 2405 1732 2409 .
1776 2367 1777 2393 ³

200 2428 423 2466 maximum
439 2429 706 2469 comitiatum.
714 2460 723 2469 .
732 2441 797 2469 ‚ne
805 2431 987 2480 scranto.

284 2506 313 2548 1.
339 2508 404 2547 18.
460 2511 676 2556 quantum
711 2513 760 2549 ln
794 2513 1042 2558 mis...fu1t‚
1079 2511 1154 2550 ‘so
1187 2509 1257 2550 far
1292 2521 1342 2550 as
1380 2508 1598 2560 depended
1634 2522 1690 2550 on

203 2559 325 2601 those
342 2561 446 2600 twin
463 2573 607 2601 curses
626 2562 672 2601 of
687 2562 774 2602 this
793 2562 980 2614 empire.'

281 2638 312 2679 1.
334 2639 398 2681 19.
457 2642 629 2692 operas]
656 2643 678 2691 ἓ
697 2642 750 2682 59
768 2641 797 2681 l.
819 2642 856 2683 1.

283 2715 312 2756 1.
335 2717 400 2758 20.
457 2721 560 2759 trib.
584 2723 644 2765 pl.
665 2724 858 2768 concino,
885 2721 963 2771 ‘by
982 2733 1008 2761 a
1027 2721 1186 2771 packed
1202 2721 1388 2772 meeting
1407 2721 1454 2761 of
1475 2734 1501 2762 a
1519 2722 1689 2762 tribune

206 2769 252 2810 of
275 2769 349 2810 the
367 2772 547 2824 people,'
565 2772 612 2813 in
631 2785 729 2825 opp.
748 2777 795 2815 to
813 2774 887 2815 the
907 2777 1074 2816 comitia
1096 2775 1143 2815 of
1162 2775 1236 2816 the
1260 2775 1395 2820 whole
1413 2776 1576 2827 people.
1622 2776 1688 2817 Cf.
1771 2780 1773 2827 j
