1812 2950
293 147 426 196 PRO
462 147 519 196 P.
557 146 804 195 SESTIO
842 144 1101 194 ORATIO
1135 147 1181 207 §g
1217 145 1415 192 59-64
1543 143 1601 193 31

110 273 331 335 publicae
355 276 648 334 tempestate
671 271 797 317 nihil
830 270 925 317 sibi
948 270 1046 317 nisi
1075 270 1134 317 de
1164 269 1353 331 patriae
1377 269 1606 331 periculis

111 355 422 416 cogitandum
446 353 666 416 putabat.

210 432 418 481 XXIX.
491 431 795 479 Consecutus
819 436 895 479 est
918 431 1073 493 ipsius
1098 430 1398 477 tribunatus.
1472 429 1605 486 Quid
1630 430 1690 477 62

110 530 198 578 ego
232 514 292 561 de
327 513 564 576 singulari
605 513 948 575 magnitudine
986 512 1142 559 animi
1176 513 1281 559 eius
1327 528 1383 558 ac
1430 511 1489 559 de
1535 511 1608 558 in-

69 609 90 641 5
110 595 331 642 credibili
355 596 542 641 virtute
566 594 724 641 dicam
743 594 760 641 ‘3
830 593 1133 640 Meministis
1156 593 1298 640 illum
1322 593 1467 652 diem,
1495 608 1607 639 cum

109 676 293 739 templo
316 692 346 722 a
369 676 553 737 collega
577 679 831 737 occupato,
856 675 998 722 nobis
1022 675 1252 722 omnibus
1276 675 1336 721 de
1370 675 1478 721 vita
1502 674 1608 720 eius

110 758 206 804 viri
239 763 291 805 et
323 758 443 805 civis
476 757 782 815 timentibus,
817 757 923 818 ipse
958 757 1122 802 animo
1153 756 1433 802 firmissimo
1468 756 1607 802 venit

109 840 163 886 in
185 839 424 902 templum
459 843 509 886 et
540 838 799 885 clamorem
834 837 1094 884 hominum
1117 838 1428 894 auctoritate,
1458 837 1607 899 impe-

111 926 217 965 tum
257 919 589 981 improborum
637 917 824 964 virtute
871 916 1079 963 sedavit.
1152 916 1300 963 Adiit
1339 923 1448 962 tum
1484 916 1607 978 peri-

51 1016 90 1048 10
111 1000 288 1059 culum,
319 1000 402 1047 sed
434 999 560 1047 adiit
590 1000 652 1046 ob
687 1015 795 1046 eam
826 1015 1037 1057 causam,
1063 1014 1189 1061 quae
1220 1003 1408 1060 quanta
1439 998 1604 1057 fuerit,

109 1082 204 1129 iam
237 1081 361 1128 mihi
396 1081 555 1128 dicere
583 1097 683 1128 non
711 1085 786 1127 est
816 1096 1022 1127 necesse.
1096 1082 1175 1127 At
1209 1081 1251 1126 si
1286 1080 1372 1126 isti
1396 1079 1607 1143 Cypriae

110 1161 352 1223 rogationi
389 1159 789 1207 sceleratissimae
830 1176 931 1206 non
965 1159 1224 1222 paruisset,
1263 1159 1489 1207 haereret
1522 1160 1609 1208 illa

109 1242 264 1288 nihilo
288 1241 451 1288 minus
474 1241 548 1288 rei
571 1241 795 1303 publicae
831 1241 1121 1303 turpitud03
1157 1257 1308 1303 regno
1341 1242 1473 1288 enim
1507 1242 1607 1289 iam

109 1323 358 1385 publicato
392 1323 452 1370 de
498 1324 604 1385 ipso
653 1322 840 1370 Catone
879 1329 986 1368 erat
1027 1322 1324 1368 nominatim
1363 1327 1600 1385 rogatum.

51 1422 89 1455 15
110 1404 253 1462 Quod
285 1404 370 1452 ille
404 1405 447 1451 si
483 1404 804 1466 repudiasset,
844 1403 1088 1451 dubitatis
1123 1404 1248 1466 quin
1289 1404 1334 1451 ei
1369 1404 1446 1451 vis
1481 1411 1608 1452 esset

110 1485 287 1546 adlata,
326 1501 437 1532 cum
474 1485 640 1531 omm'a
678 1489 790 1532 acta
820 1485 958 1532 illius
1002 1485 1122 1532 anni
1159 1502 1246 1547 per
1274 1502 1429 1532 unum
1464 1487 1606 1534 illum

110 1565 397 1612 labefactari
444 1565 767 1612 viderentur?
838 1566 1010 1627 Atque
1057 1566 1207 1612 etiam
1253 1566 1345 1613 hoc
1391 1567 1605 1626 videbat,
1632 1575 1692 1622 63

110 1645 341 1707 quoniam
392 1644 480 1691 illa
525 1644 578 1690 in
625 1660 678 1690 re
726 1644 921 1707 publica
961 1645 1154 1691 macula
1189 1645 1329 1707 regni
1368 1646 1608 1707 publicati

109 1731 341 1784 maneret,
368 1742 512 1788 quam
539 1741 683 1773 nemo
705 1726 805 1772 iam
829 1731 996 1788 posset
1019 1725 1196 1785 eluere,
1222 1726 1351 1788 quod
1379 1742 1441 1773 ex
1465 1727 1608 1775 malis

51 1823 91 1856 20
110 1806 228 1855 boni
249 1811 411 1869 posset
432 1806 487 1852 in
509 1823 612 1853 rem
637 1807 884 1869 publicam
919 1807 1190 1868 pervenire,
1216 1806 1269 1854 id
1292 1807 1470 1855 utilius
1505 1824 1609 1856 esse

109 1903 196 1950 per
232 1903 284 1934 se
306 1887 585 1934 conservari
619 1903 767 1950 quam
802 1903 889 1950 per
924 1887 1057 1934 alios.
1118 1888 1289 1950 Atque
1324 1888 1425 1947 ille,
1455 1889 1608 1936 etiam

22 2024 23 2033 ἵ
108 1968 152 2015 si
174 1967 272 2015 alia
294 1967 525 2029 quapiam
547 1967 602 2014 vi
624 1967 953 2031 expelleretur
975 1967 1076 2014 illis
1099 1968 1407 2030 temporibus
1430 1984 1494 2016 ex
1519 1970 1609 2017 hac

22 2062 24 2100 1
109 2049 243 2108 urbe,
291 2048 432 2094 facile
478 2053 742 2110 pateretur.
817 2048 1018 2097 Etenim
1060 2050 1148 2112 qui
1190 2050 1438 2112 superiore
1479 2068 1610 2099 anno

108 2134 283 2177 senatu
306 2129 549 2188 caruisset,
578 2145 676 2191 quo
700 2129 743 2176 si
764 2133 875 2176 tum
899 2129 1108 2190 veniret,
1130 2147 1209 2178 me
1232 2136 1400 2178 tamen
1425 2134 1609 2180 socium

50 2222 90 2257 εὖ
109 2225 307 2271 suorum
342 2210 395 2255 in
428 2226 482 2256 re
516 2210 714 2272 publica
761 2210 1080 2258 consiliorum
1120 2211 1292 2259 videre
1340 2219 1518 2274 posset,
1567 2215 1611 2261 is

109 2307 264 2354 aequo
297 2293 461 2338 animo
496 2298 617 2350 tum,
657 2308 735 2339 me
770 2294 977 2356 expulso
1013 2299 1065 2340 et
1112 2310 1221 2341 meo
1262 2296 1463 2344 nomine
1497 2313 1609 2345 cum

111 2371 339 2418 universo
373 2377 561 2430 senatU,
600 2378 710 2419 tum
745 2374 997 2421 sententia
1044 2391 1133 2421 sua
1167 2375 1507 2437 condemnata,
1557 2379 1610 2425 in

111 2451 202 2497 hac
236 2451 357 2498 urbe
392 2467 497 2498 esse
533 2453 730 2514 posset'l
798 2453 891 2502 Ille
922 2470 1040 2500 vero
1075 2455 1232 2502 eidem
1268 2459 1494 2518 tempori,
1531 2459 1610 2505 cui

110 2546 214 2590 nos,
238 2531 455 2578 eiusdem
478 2532 648 2592 furori,
686 2533 869 2580 eisdem
906 2536 1200 2595 consulibus,
1228 2537 1410 2584 eisdem
1445 2538 1608 2599 minis,

51 2621 93 2656 ³0
111 2611 317 2670 insidiis,
353 2611 583 2674 periculis
618 2613 773 2661 cessit.
849 2613 1064 2661 Luctum
1100 2631 1190 2662 nos
1224 2615 1478 2664 hausimus
1513 2634 1610 2666 ma-

112 2692 277 2749 iorem,
298 2691 513 2738 dolorem
537 2691 622 2738 ille
647 2692 798 2738 animi
823 2708 924 2740 non
948 2694 1202 2744 minorem.

214 2772 390 2819 XXX.
463 2772 562 2820 His
597 2773 658 2820 de
694 2778 770 2820 tot
813 2776 1066 2838 tantisque
1111 2776 1308 2824 iniuriis
1354 2778 1408 2824 in
1443 2781 1607 2841 socios,
1635 2781 1698 2830 64
