1812 2950
754 125 978 176 NOTES
1519 121 1613 173 157

194 262 243 299 in
271 258 428 311 socios]
456 258 509 299 cf.
540 257 635 298 Liv.
665 257 729 306 24,
756 257 821 303 16,
853 256 875 296 1
906 262 1027 296 tanta
1054 255 1099 295 vi
1126 266 1168 295 se
1195 255 1250 294 in
1279 254 1463 294 hostem
1488 254 1618 294 intu-

115 313 300 360 lerunt,
323 316 360 361 9,
386 314 452 360 25,
472 314 497 352 2
517 314 571 352 in
598 323 743 362 ayros
773 316 898 361 atque
926 311 1042 349 urbes
1071 310 1280 348 Ausonum
1309 309 1459 347 bellum
1485 309 1618 347 intu-

115 368 293 414 lerunt,
316 366 403 406 Gie.
425 378 491 416 ep.
512 365 566 405 ad
583 364 689 404 fam.
710 376 765 403 xv
784 365 822 413 2,
849 364 871 403 1
894 365 997 403 bello
1025 364 1081 402 in
1102 363 1432 413 provinciam
1451 361 1620 413 Syriam

112 421 286 460 illato.
435 421 870 465 bello-lacessisset,
895 416 1009 456 ‘had
1036 414 1237 457 assumed
1256 414 1331 456 the
1351 413 1619 466 aggressive)

113 475 478 526 [prope=prope
506 472 744 514 dixerim.
799 483 835 512 J.
856 483 892 511 s.
913 472 976 522 R.]

191 555 223 596 1.
253 556 320 597 12.
394 555 716 605 Mithridatem]
791 552 1130 594 Mithridates
1175 551 1251 594 the
1295 553 1428 604 great,
1476 550 1619 592 whose

112 609 324 661 daughter
343 609 567 661 Cleopatra
584 621 671 650 was
689 607 875 648 married
892 610 938 647 to
958 607 1178 658 Tigranes.

191 688 222 729 1.
243 687 308 731 17.
365 686 624 740 supplicem]
659 686 728 726 ‘in
750 685 826 725 the
844 687 1019 735 posture
1040 685 1087 725 of
1103 697 1129 725 a
1148 682 1400 735 suppliant‚'
1419 680 1466 722 in
1491 693 1616 732 appo-

112 742 246 782 sition
275 741 381 782 with
412 744 628 788 abiectum,
660 752 707 780 as
737 739 969 790 predicate.
1033 738 1096 780 cf.
1125 738 1256 778 above
1281 740 1303 788 ς
1326 737 1379 778 54
1404 736 1432 778 1.
1468 736 1533 784 13,
1555 747 1617 776 or.

112 808 154 847 p.
178 796 272 836 Mil.
292 808 364 846 eqo
382 808 443 836 me
457 796 655 847 plurimis
667 807 746 846 pro
768 800 806 834 te
824 806 949 845 supp
959 794 1106 833 licem
1124 793 1274 832 abieci.

189 867 279 907 The
299 870 415 918 story
432 867 470 906 is
489 865 582 906 told
605 865 662 917 by
680 864 885 905 Plutarch
902 878 940 906 v.
965 864 1116 915 Pomp.
1138 876 1175 906 c.
1196 866 1248 904 33
1266 880 1277 906 ε
1306 865 1327 905 ὅ
1357 865 1401 905 δὲ
1425 865 1614 917 βασιλεὺς

108 923 301 974 Τιγράνης
341 919 481 973 ἥμερόν
518 936 610 961 τινα
641 918 701 971 τῷ
729 922 866 972 τρόπῳ
900 922 967 960 καὶ
998 918 1128 971 πρᾷον
1160 920 1380 967 πυθόμενος
1413 921 1514 958 εἶναι
1547 921 1616 958 τὸν

109 974 336 1026 Πομπήϊον,
367 975 583 1027 ἀναλαβών
616 977 706 1015 τοὺς
745 977 884 1025 φίλους
915 975 980 1014 καὶ
1013 976 1222 1025 συγγενεῖς
1257 974 1616 1024 αὐτὸς,ἐπορεύετο

107 1029 356 1082 παραδώσων
384 1031 536 1069 ἑαυτόν.
589 1027 653 1070 Ὡς
682 1031 726 1069 δὲ
751 1027 876 1078 ἦλθεν
907 1029 1078 1077 ἱππότης
1108 1030 1177 1068 ἐπὶ
1204 1029 1273 1067 τὸν
1304 1029 1466 1079 χάρακα
1498 1025 1616 1079 (‘the

106 1083 284 1134 camp'),
324 1085 545 1137 ῥαβδοῦχοι
592 1085 658 1123 δύο
695 1085 764 1123 τοῦ
803 1083 1019 1130 Πομπηΐου
1063 1083 1355 1131 προσελθόντες
1401 1083 1615 1122 ἐκέλευσαν

110 1140 312 1190 ἀποβῆναι
339 1140 408 1178 τοῦ
438 1139 562 1177 ἵππου
592 1139 657 1177 καὶ
685 1139 803 1187 πεζὸν
834 1139 978 1177 ἐλθεῖν·
1020 1138 1161 1177 οὐδένα
1187 1138 1269 1186 γὰρ
1300 1137 1518 1186 ἀνθρώπων
1547 1133 1611 1183 ἐφ’

107 1193 233 1232 ἵππου
252 1193 512 1245 καθεζόμενον
533 1194 572 1231 ἐν
590 1189 801 1243 Ῥωμαϊκῷ
825 1193 1088 1240 στρατοπέδῳ
1112 1192 1279 1231 πώποτε
1305 1192 1494 1240 ὀφθῆναι.
1550 1191 1616 1230 καὶ

105 1248 235 1286 ταῦτα
264 1245 330 1286 οὖν
359 1248 379 1286 ὁ
408 1247 602 1297 Τιγράνης
631 1248 814 1286 ἐπείθετο
843 1248 907 1285 καὶ
936 1248 982 1286 τὸ
1011 1247 1121 1295 ξίφος
1155 1246 1285 1285 αὐτοῖς
1313 1244 1616 1292 ἀπολυσάμενος

107 1301 337 1351 παρεδίδου’
378 1302 444 1341 καὶ
471 1302 597 1349 τέλος,
626 1298 675 1341 ὠς
705 1302 800 1349 πρὸς
834 1301 953 1339 αὐτὸν
982 1297 1079 1348 ἦλθε
1111 1301 1180 1339 τὸν
1214 1300 1439 1348 Πομπήϊον,
1469 1297 1614 1348 ἀφελό-

106 1369 221 1403 μενος
257 1357 331 1403 τὴν
365 1356 513 1406 κίταριν
544 1354 704 1404 ὥρμησε
733 1356 809 1406 πρὸ
840 1353 921 1393 τῶν
952 1352 1082 1393 ποδῶν
1114 1355 1238 1393 θεῖναι
1269 1354 1333 1392 καὶ
1374 1355 1615 1404 καταβαλὼν

109 1410 259 1457 ἑαυτόν,
306 1410 502 1459 αἴσχιστα
541 1407 587 1458 δὴ
632 1410 812 1455 πάντων,
851 1410 1098 1460 προσπεσεῖν
1138 1409 1256 1447 αὐτοῦ
1300 1408 1383 1447 τοῖς
1428 1409 1613 1458 γόνασιν.

103 1460 214 1503 Ἀλλ’
235 1461 255 1502 ὁ
278 1464 487 1511 Πομπήϊος
506 1464 613 1513 ἔφθη
632 1465 702 1512 τῆς
723 1460 852 1511 δεξιᾶς
870 1465 991 1502 αὐτοῦ
1014 1463 1234 1511 λαβόμενος
1262 1462 1613 1514 προσαγαγέσθαι·

109 1519 173 1556 καὶ
205 1518 378 1565 πλησίον
411 1518 643 1567 ἱδρύσασθαι
678 1518 829 1564 ἑαυτοῦ,
863 1519 933 1557 τὸν
962 1518 1003 1556 δὲ
1032 1518 1113 1556 υἱὸν
1144 1517 1209 1556 ἐπὶ
1240 1517 1404 1566 θάτερα,
1433 1515 1513 1554 τῶν
1540 1517 1614 1564 μὲν

107 1572 241 1610 ἄλλων
269 1573 396 1619 ἔφησε
416 1572 498 1610 δεῖν
525 1569 735 1611 αἰτιᾶσθαι
763 1572 1004 1620 Λεύκολλον,
1029 1570 1095 1609 ὑπ’
1116 1571 1267 1610 ἐκείνου
1285 1571 1366 1621 γὰρ
1385 1568 1615 1620 ἀφῃρῆσθαι

108 1626 270 1677 Συρίαν,
290 1626 485 1674 Φοινίκην,
506 1626 708 1674 Κιλικίαν,
733 1627 950 1673 Γαλατίαν,
977 1626 1187 1675 Σωφηνήν·
1218 1624 1244 1663 ἂ
1267 1625 1311 1664 δὲ
1332 1623 1446 1675 ἄχρις
1473 1624 1614 1663 ἑαυτοῦ

110 1677 389 1730 διατετήρηκεν
411 1681 509 1727 ἕξειν
527 1681 743 1719 ἐκτίσαντα
763 1682 904 1727 ποινὴν
932 1681 1184 1728 ἑξακισχίλια
1209 1679 1389 1717 τάλαντα
1406 1678 1614 1724 Ῥωμαίοις

107 1734 177 1824 τέἢς
196 1731 355 1825 ἀδιῖιξίας·
385 1735 450 1773 ἐπὶ
469 1735 621 1774 τούτοις
641 1731 662 1772 ὁ
681 1732 873 1785 Τιγράνης
891 1733 1095 1784 ἠγάπησε.
1158 1732 1236 1774 See
1255 1731 1348 1772 also
1367 1731 1613 1772 Mommsen

153 1786 224 1826 ist.
285 1815 296 1826 .
316 1798 362 1826 Π
379 1799 421 1837 p.
447 1787 540 1829 127.

188 1867 218 1909 1.
245 1867 310 1908 19.
369 1872 502 1909 certis
520 1874 651 1910 rebus
669 1871 918 1921 imperatis]
945 1869 1028 1910 Dio
1048 1870 1112 1919 36,
1139 1870 1189 1910 53
1210 1870 1320 1922 (36):
1349 1866 1401 1921 τῆ
1426 1867 1616 1922 ὑστεραίᾳ

110 1923 318 1971 Πομπήϊος
347 1925 555 1964 διακούσας
581 1923 708 1963 αὐτῶν
738 1924 960 1975 (Tigranes
988 1924 1073 1964 and
1099 1923 1170 1964 his
1189 1925 1285 1977 son)
1305 1922 1363 1975 τῷ
1389 1926 1462 1974 μὲν
1494 1938 1614 1976 πρεσ-

107 1978 261 2028 βυτέρῳ
291 1978 366 2025 τὴν
397 1977 588 2029 πατρῴαν
622 1981 758 2018 πᾶσαν
790 1978 918 2030 ἀρχὴν
952 1977 1172 2019 ἀπέδωκεν·
1209 1979 1263 2018 τὰ
1298 1980 1380 2029 γὰρ
1417 1993 1615 2028 προσκτη-

111 2032 230 2071 θέντα
249 2028 316 2069 ὑπ’
336 2032 456 2070 αὐτοῦ
479 2030 541 2080 (ἦν
563 2033 606 2070 δὲ
626 2033 734 2071 ἄλλα
753 2047 800 2072 τε
819 2035 885 2072 καὶ
911 2035 982 2082 τῆς
1002 2033 1297 2073 Καππαδοκίας
1315 2031 1387 2081 τῆς
1405 2047 1451 2072 τε
1471 2033 1617 2083 Συρίας

108 2085 221 2134 μέρη,
253 2083 279 2133 ἥ
310 2099 356 2124 τε
382 2086 542 2134 Φοινίκη
576 2088 640 2125 καὶ
671 2088 695 2134 ἡ
723 2088 901 2137 Σωφηνὴ
928 2087 1042 2139 χώρα
1069 2088 1151 2127 τοῖς
1172 2085 1391 2137 Ἀρμενίοις
1422 2088 1616 2138 πρόσορος

110 2140 334 2201 οὐΛσμικρὰ)
356 2141 568 2190 παρείλετο
594 2142 713 2180 αὐτοῦ
740 2143 806 2180 καὶ
824 2143 991 2193 προσέτι
1011 2143 1076 2181 καὶ
1094 2142 1285 2193 χρήματα
1304 2143 1424 2181 αὐτὸν
1443 2141 1609 2190 ᾔτησεν·

108 2207 166 2242 τῳ
185 2194 229 2232 δὲ
248 2194 424 2244 νεωτέρῳ
444 2195 516 2241 τὴν
538 2196 736 2244 Σωφηνὴν
754 2196 876 2244 μόνην
896 2195 1109 2244 ἀπένειμεν.

188 2273 218 2313 1.
239 2274 304 2315 20.
365 2279 844 2324 constitutum—quam
869 2278 1173 2327 constrictum]
1212 2281 1222 2300 ‘
1242 2278 1305 2317 set
1339 2288 1398 2327 up
1413 2276 1491 2307 '—-‘
1505 2275 1614 2316 than

111 2326 211 2367 shut
238 2328 329 2378 up‚’
349 2327 376 2368 i.
384 2340 416 2368 e.
438 2329 588 2378 placed
615 2341 673 2369 on
694 2329 764 2370 his
788 2330 1106 2371 throne—than
1131 2331 1168 2370 if
1192 2330 1247 2371 he
1269 2330 1357 2370 had
1381 2330 1490 2370 been
1517 2342 1612 2370 con-

110 2380 225 2421 fined
242 2384 288 2422 to
307 2393 333 2421 a
351 2394 520 2422 narrow
537 2382 676 2423 circle.
809 2386 968 2436 videri]
996 2384 1178 2436 passive,
1210 2390 1220 2408 ⁴
1235 2384 1391 2425 should
1409 2384 1461 2425 be
1481 2384 1612 2433 seen‚’

110 2433 228 2475 Verr.
250 2438 333 2485 1v§
355 2436 447 2486 100,
471 2448 498 2476 v
516 2439 561 2486 ἐξ
579 2438 647 2484 43,
668 2437 733 2487 86,
759 2438 824 2488 94,
850 2440 942 2480 137.

190 2518 211 2566 5
231 2522 295 2563 59,
323 2517 354 2556 1.
374 2518 442 2557 23.
501 2523 763 2560 acerrimum
790 2524 963 2562 hostem
989 2524 1039 2561 111
1066 2532 1250 2567 regnum
1277 2521 1462 2571 recepit]
1497 2520 1606 2561 Plut.

111 2569 214 2634 ch.
229 2582 265 2610 c.
280 2572 351 2610 22:
374 2573 570 2623 Τιγράνης
589 2575 632 2613 δὲ
651 2576 902 2626 Μιθριδάτην
922 2576 1116 2627 πρότερον
1133 2578 1208 2623 μὲν
1230 2574 1312 2615 οὐδ’
1332 2577 1427 2615 ἰδεῖν
1450 2573 1612 2624 ἠξίωσεν

112 2625 200 2690 ουδὲ
219 2627 464 2689 προσειπεῖν,
489 2629 631 2666 οἰκεῖον
651 2626 785 2678 ἄνδρα,
809 2631 1017 2680 βασιλείας
1037 2631 1326 2669 ἐκπεπτωκότα
1353 2630 1606 2678 τηλικαύτης,

111 2679 189 2716 αλλ
214 2678 356 2726 ατίμως
385 2681 449 2718 καὶ
478 2677 740 2731 ὑπερηφάνως
767 2681 956 2722 ἀποτάτω
983 2684 1179 2733 περιεῖδεν
1206 2680 1328 2730 αὐτὸν
1356 2683 1506 2730 τρόπον
1524 2685 1613 2722 τινὰ

112 2733 397 2782 φρουρούμενον
415 2735 456 2772 ἐν
473 2735 629 2784 χωρίοις
658 2734 823 2774 ἑλώδεσι
850 2738 914 2776 καὶ
939 2737 1125 2788 νοσεροῖς·
1156 2736 1258 2775 τότεν
1269 2737 1312 2775 δὲ
1338 2738 1410 2776 σὺν
1428 2734 1530 2787 τιμῇ
1546 2739 1610 2777 καὶ

115 2785 393 2836 φιλοφροσύνῃ
409 2787 696 2839 μετεπέμψατο
723 2788 856 2828 αὐτόν.
