1812 2950
151 130 251 207 *42
556 130 626 178 M.
679 129 893 177 TULLI
937 128 1323 178 CICERONIS

186 261 487 325 appellaret‘l
530 276 696 308 rerum
728 260 1013 323 capitalium
1047 260 1391 307 condemnatos
1424 260 1478 306 in
1514 260 1690 307 liberas

188 341 413 388 civitates
465 357 554 403 per
598 341 784 402 legatos
829 346 1023 387 nostros
1070 341 1362 389 reduceret?
1420 341 1686 404 principem

189 422 406 470 civitatis
463 422 594 469 ferro
639 423 889 469 obsessum
933 422 1161 468 teneret?
1215 421 1356 469 Haec
1401 428 1460 469 ut
1505 423 1688 469 efficere

186 506 363 564 posset,
397 517 522 564 quae
555 501 662 548 fieri
697 501 796 548 nisi
828 502 978 548 armis
1011 517 1240 564 oppressa
1260 518 1314 549 re
1336 502 1531 565 publica
1552 503 1691 550 nullo

187 582 332 628 modo
365 586 609 644 poterant,
646 581 838 641 idcirco,
876 582 1032 641 credo,
1066 598 1267 629 manum
1302 583 1397 630 sibi
1420 582 1475 630 P.
1504 582 1690 630 Sestius
1716 599 1738 631 ει

183 666 235 708 et
274 661 437 724 copias
477 663 788 724 comparavit.
866 666 878 688 ‘
893 662 969 709 At
1007 663 1228 710 nondum
1268 669 1374 710 erat
1412 669 1692 725 maturum3

188 741 409 787 nondum
446 757 524 788 res
559 741 666 804 ipsa
705 742 765 789 ad
791 742 896 789 eius
931 743 1063 790 modi
1098 745 1344 806 praesidia
1376 745 1510 792 viros
1543 746 1694 792 bonos

189 822 537 884 compellebat)
608 821 748 870 Pulsi
804 839 894 870 nos
947 839 1153 882 eramus,
1210 841 1310 872 non
1356 826 1554 872 omnino
1598 826 1695 873 ista

189 918 342 949 manu
374 903 488 961 sola,
516 902 598 950 sed
630 908 797 950 tamen
827 920 927 950 non
958 905 1063 952 sine
1087 907 1210 953 ista:
1246 922 1332 954 vos
1355 907 1495 953 taciti
1517 922 1695 954 maere-

97 980 161 1032 85
186 982 327 1030 batis.
389 983 602 1046 Captum
620 989 726 1031 erat
742 984 903 1030 forum
921 1000 1052 1031 anno
1066 985 1326 1048 superiore,
1344 985 1462 1033 aede
1482 985 1697 1034 Castoris
1724 1001 1765 1035 ιο

189 1068 443 1125 tamquam
477 1079 586 1110 arce
621 1064 787 1126 aliqua
819 1080 850 1110 a
881 1064 1106 1126 fugitivis
1140 1070 1401 1127 occupata:
1443 1065 1692 1114 silebatur.

192 1144 371 1191 Omnia
393 1144 649 1191 hominum
672 1161 783 1191 cum
808 1149 1021 1207 egestate
1043 1150 1152 1191 tum
1175 1145 1378 1192 audacia
1393 1145 1696 1208 perditorum

190 1226 399 1272 clamore
447 1242 698 1284 concursu,
720 1228 775 1272 vi
814 1242 965 1272 manu
995 1227 1323 1289 gerebantur:
1359 1226 1693 1289 perferebatis.

190 1306 518 1369 Magistratus
551 1307 747 1369 templis
781 1307 1102 1369 pellebantur,
1138 1307 1223 1353 alii
1257 1307 1457 1354 omnino
1479 1307 1619 1353 aditu
1641 1322 1698 1353 ac
1784 1317 1797 1370 ᾗ

192 1387 300 1435 foro
323 1387 712 1450 prohibebantur
734 1404 744 1434 :
778 1404 925 1435 nemo
956 1387 1228 1435 resistebat.
1301 1388 1610 1436 Gladiatores
1633 1403 1696 1433 ex
1726 1400 1795 1445 1⁶¹:

190 1468 430 1531 praetoris
454 1468 692 1516 comitatu
716 1468 1067 1531 comprehensi,
1084 1469 1138 1515 in
1157 1473 1385 1515 senatum
1407 1467 1691 1527 introducti,

191 1549 412 1608 confessi,
437 1549 492 1596 in
514 1549 678 1596 vincla
700 1549 908 1596 coniecti
931 1566 961 1595 a
985 1549 1189 1608 Milone,
1215 1549 1379 1596 emissi
1401 1565 1431 1595 a
1454 1548 1664 1595 Serrano
1684 1564 1694 1595 ε

191 1631 377 1677 mentio
407 1629 555 1676 nulla.
628 1629 814 1677 Forum
845 1629 1126 1691 corporibus
1154 1629 1336 1675 civium
1361 1629 1698 1675 Romanorum

193 1714 496 1757 constratum
537 1714 684 1757 caede
729 1714 999 1757 nocturna:
1053 1725 1153 1756 non
1198 1710 1342 1756 modo
1387 1709 1526 1755 nulla
1569 1724 1699 1756 nova

193 1792 429 1854 quaestio,
458 1791 542 1838 sed
575 1791 724 1839 etiam
749 1795 917 1837 vetera
940 1791 1122 1837 iudicia
1146 1791 1350 1838 sublata.
1423 1791 1699 1837 Tribunum
1727 1805 1768 1837 ω

191 1873 348 1934 plebis
374 1872 487 1935 plus
520 1872 702 1934 viginti
727 1871 1015 1918 vulneribus
1046 1871 1254 1934 acceptis
1283 1871 1523 1918 iacentem
1556 1870 1699 1917 mori·
1800 1857 1801 1862 ¹

191 1953 512 2016 bundumque
535 1952 753 1999 vidistis:
789 1952 994 1998 alterius
1019 1952 1208 1998 tribuni
1231 1951 1402 2014 plebis,
1419 1950 1700 1997 hominis—

192 2034 351 2080 dicam
366 2033 499 2080 enim
517 2033 646 2095 quod
671 2033 830 2079 sentio
854 2037 905 2079 et
926 2033 1057 2095 quod
1075 2048 1263 2079 mecum
1280 2032 1501 2079 sentiunt
1514 2047 1694 2091 omnes,

191 2114 430 2169 -divini,
462 2114 646 2176 insigni
676 2113 901 2176 quadam,
934 2113 1172 2173 inaudita,
1199 2129 1328 2160 nova
1358 2112 1699 2174 magnitudine

191 2195 359 2254 animi,
398 2195 658 2257 gravitate,
697 2194 791 2241 fide
831 2194 1056 2256 praediti,
1100 2194 1272 2241 domus
1308 2198 1383 2241 est
1421 2197 1702 2256 oppugnata
1728 2207 1766 2238 25

192 2275 323 2322 ferro
347 2275 535 2322 facibus
557 2275 777 2322 exercitu
802 2274 1048 2322 Clodiano.
1807 2263 1809 2266 ’

105 2357 166 2404 86
292 2355 403 2402 XL.
466 2355 533 2401 Et
549 2359 606 2401 tu
624 2355 715 2401 hoc
734 2355 837 2401 loco
855 2355 1026 2402 laudas
1035 2354 1274 2401 Milonem
1298 2359 1349 2401 et
1371 2355 1477 2400 iure
1500 2354 1686 2400 laudas.

180 2437 340 2492 Quem
381 2435 514 2482 enim
559 2451 794 2498 umquam
839 2435 1004 2481 virum
1048 2439 1154 2481 tam
1199 2434 1466 2481 immortali
1513 2435 1699 2481 virtute

196 2513 441 2560 vidimus?
478 2513 564 2575 qui
586 2512 723 2559 nullo
740 2513 955 2574 praemio
971 2513 1219 2575 proposito
1236 2517 1429 2574 practer
1444 2511 1547 2571 hoc,
1568 2512 1699 2574 quod

195 2596 294 2641 iam
326 2594 593 2642 contritum
619 2598 669 2639 et
692 2597 1029 2655 contemptum
1051 2598 1272 2655 putatur,
1297 2593 1534 2639 iudicium
1556 2594 1700 2639 bono·
1727 2607 1766 2639 ³⁰

194 2689 319 2731 rum,
374 2673 539 2720 omnia
592 2671 821 2734 pericula,
869 2687 1084 2719 summos
1137 2672 1338 2732 labores,
1387 2673 1699 2734 gravissimas

198 2754 535 2800 contentiones
571 2752 953 2814 inimicitiasque
994 2741 1209 2814 suscepit
1221 2767 1233 2809 ;
1287 2753 1372 2814 qui
1409 2752 1531 2798 mihi
1571 2768 1701 2800 unus
1789 2767 1809 2790 z
