1812 2950
14 1021 78 1065 jlo

270 139 407 188 PRO
444 140 501 188 P.
539 138 783 189 SESTIO
822 138 1076 188 ORATIO
1112 141 1158 201 ἐξ
1195 139 1390 188 33-37
1557 139 1612 188 17

104 280 325 320 consules
348 288 378 319 a
402 288 453 319 re
478 271 674 335 publica
703 269 1070 333 provinciarum
1093 239 1614 328 itgiier‘esssretraxisseu

103 354 389 411 insultabat,
426 353 788 412 dominabatur,
827 352 938 398 aliis
972 352 1310 414 pollicebatur,
1344 355 1530 398 terrore
1561 368 1615 398 ac

104 441 240 483 metu
286 436 481 496 multos,
519 435 680 498 plures
711 433 862 481 etiam
897 449 983 496 spe
1021 438 1073 481 et
1109 433 1362 496 promissis
1398 432 1611 479 tenebat.

105 516 242 575 Quae
259 512 382 565 ‘ciir’ff
401 523 562 565 essent
586 517 691 564 eius
714 516 859 575 modi,
879 515 1080 575 iudices,
1107 531 1221 562 cum
1244 519 1445 562 senatus
1467 514 1614 561 duces
1647 515 1706 561 35

103 599 263 647 nullos
299 616 355 648 ac
395 615 483 662 pro
524 599 732 646 ducibus
773 598 1049 660 proditores
1087 602 1176 644 aut
1212 597 1381 660 potius
1418 601 1613 658 apertos

102 681 264 728 hostes
287 681 500 739 haberet,
527 685 754 743 equester
781 680 901 727 ordo
927 695 1041 727 reus
1069 695 1099 726 a
1130 678 1414 726 consulibus
1444 677 1615 725 citare-

103 767 200 822 tur,
228 763 404 810 Italiae
426 762 581 809 totius
605 761 873 808 auctoritas
897 759 1256 823 repudiaretur,
1284 758 1371 806 alii
1397 758 1617 806 nomina-

105 844 197 890 tim
220 845 569 906 relegarentur,
587 843 673 890 alii
687 849 823 890 metu
839 848 890 890 et
904 843 1122 906 periculo
1138 844 1458 900 terrerentur,
1480 855 1616 886 arma

103 930 265 971 essent
295 925 349 971 in
382 924 594 987 templis,
630 923 808 970 armati
842 923 898 970 in
931 922 1053 982 foro,
1093 937 1248 984 eaque
1282 936 1384 967 non
1418 919 1616 976 silentio

103 1006 357 1052 consulum
381 1005 824 1064 dissimularentur,
841 1004 927 1052 sed
950 1009 1001 1051 et
1023 1019 1142 1051 voce
1160 1008 1211 1050 et
1229 1003 1476 1050 sententia
1495 1018 1618 1049 com-

103 1087 430 1149 probarentur
442 1102 455 1146 3
482 1103 593 1134 cum
634 1103 802 1134 omnes
843 1087 1016 1133 urbem
1053 1084 1275 1132 nondum
1311 1084 1526 1131 excisam
1567 1092 1616 1130 et

103 1183 334 1227 eversam,
361 1167 446 1215 sed
468 1168 569 1215 iam
593 1174 795 1231 captam·
816 1173 965 1230 atque
997 1182 1279 1230 oppressam
1309 1165 1614 1212 videremus:

104 1257 272 1296 tamen
294 1248 372 1294 his
395 1249 549 1295 tantis
581 1248 725 1295 malis
753 1252 897 1295 tanto
928 1249 1172 1294 bonorum
1202 1246 1382 1304 studio,
1417 1245 1616 1303 iudices,

105 1328 466 1388 restitissemus,
493 1329 578 1375 sed
600 1345 679 1376 me
703 1328 790 1375 alii
813 1334 977 1375 metus
1002 1334 1153 1390 atque
1183 1326 1310 1374 aliae
1341 1341 1486 1373 curae
1518 1341 1618 1372 sus-

105 1410 419 1474 picionesque
444 1415 723 1459 moverunt.

206 1492 355 1541 XVI.
430 1493 691 1556 Exponam
715 1493 848 1539 enim
883 1491 1122 1539 hodierno
1157 1490 1250 1550 die,
1288 1489 1488 1548 iudices,
1526 1506 1622 1536 om·
1647 1490 1707 1538 36

105 1589 220 1621 nem
241 1573 483 1621 rationem
506 1573 630 1621 facti
653 1579 704 1621 et
738 1573 930 1622 consilii
959 1573 1057 1620 mei
1109 1587 1269 1634 neque
1303 1571 1420 1618 huic
1455 1575 1619 1618 vestro

106 1659 248 1702 tanto
273 1655 437 1702 studio
460 1648 693 1703 audiendi
716 1671 806 1703 nec
829 1670 946 1702 vero
969 1654 1084 1700 huic
1102 1657 1271 1700 tantae
1289 1651 1615 1711 multitudini,

107 1741 294 1798 quanta
327 1718 705 1785 mea‘ffllnemozia
740 1752 1014 1799 numquam
1051 1734 1155 1782 ullo
1193 1734 1247 1780 in
1284 1733 1466 1781 iudicio
1503 1733 1616 1790 fuit,

107 1818 263 1866 deero.
335 1819 469 1866 Nam
500 1820 542 1866 si
573 1835 663 1882 ego
697 1819 750 1866 in
785 1835 931 1866 causa
967 1823 1069 1864 tam
1102 1817 1230 1863 bona
1277 1820 1419 1862 tanto
1454 1815 1618 1863 studio

107 1903 318 1958 senatuS,
362 1915 598 1947 consensu
638 1905 743 1947 tam
783 1899 1062 1947 incredibili
1097 1898 1339 1945 bonorum
1380 1897 1614 1956 omnium,

106 1984 207 2026 tam
235 1985 420 2042 parato,
453 1984 561 2028 tota
588 1981 800 2043 denique
831 1980 983 2027 Italia
1019 1979 1082 2026 ad
1118 1994 1314 2025 omnem
1351 1979 1618 2026 contentio-

105 2076 216 2107 nem
242 2062 486 2124 expedita,
512 2063 634 2110 cessi
656 2061 850 2109 tribuni
873 2062 954 2124 p1.‚
981 2059 1359 2123 despicatissimi
1386 2058 1614 2117 hominis,

106 2141 275 2200 furori,
304 2144 837 2206 contemptissimorum
868 2142 1123 2189 consulum
1148 2141 1405 2187 levitatem
1428 2140 1618 2187 audaci-

106 2239 283 2287 amque
313 2225 560 2287 pertimui,
587 2225 798 2272 nimium
827 2241 906 2271 me
941 2224 1189 2279 timidum,
1223 2222 1411 2269 nullius
1445 2221 1613 2281 animi,

108 2305 294 2353 nullius
316 2307 510 2354 consilii
531 2307 685 2354 fuisse
709 2307 954 2354 confiteor.
1030 2304 1160 2361 Quid
1186 2305 1319 2350 enim
1343 2303 1502 2351 simile
1524 2303 1622 2350 fuit
1646 2300 1706 2350 3¹7

108 2386 161 2432 in
197 2385 256 2444 Q.
297 2386 529 2436 Metello‘l
572 2388 711 2435 cuius
748 2404 945 2435 causam
985 2387 1080 2434 etsi
1120 2402 1288 2433 omnes
1324 2386 1614 2448 probabant,

109 2473 274 2516 tamen
295 2485 456 2532 neque
480 2475 681 2517 senatus
703 2470 900 2532 publice
922 2485 1082 2532 neque
1113 2468 1244 2515 ullus
1275 2467 1394 2514 ordo
1421 2466 1618 2529 proprie

111 2564 266 2612 neque
290 2551 391 2598 suis
414 2551 622 2598 decretis
646 2550 796 2598 Italia
818 2554 994 2598 cuncta
1017 2554 1307 2611 susceperat.
1379 2547 1464 2593 Ad
1478 2562 1617 2593 suam

17 2644 21 2670 ι
43 2641 84 2675 ω
107 2629 239 2676 enim
263 2631 510 2692 quandam
533 2633 687 2694 magis
710 2632 794 2678 ille
817 2631 1025 2694 gloriam
1049 2645 1197 2692 quam
1220 2629 1283 2675 ad
1310 2603 1618 2690 p‘e‘r'spic'iiam

110 2709 318 2758 salutem
358 2712 430 2760 rei
468 2713 693 2775 publicae
735 2721 1016 2776 resperserat,
1058 2727 1170 2758 cum
1210 2726 1338 2756 unus
1372 2709 1425 2755 in
1460 2708 1618 2770 legem

115 2805 202 2851 per
231 2793 335 2839 vim
362 2792 515 2840 latam
547 2793 711 2840 iurare
748 2793 999 2842 noluerat:
1040 2791 1253 2854 denique
1276 2790 1538 2837 videbatur
1560 2804 1618 2837 ea

181 2902 230 2935 H.
1476 2886 1522 2941 2.
