<?xml version="1.0" encoding="UTF-8"?>
<!DOCTYPE html PUBLIC "-//W3C//DTD XHTML 1.0 Transitional//EN"
    "http://www.w3.org/TR/xhtml1/DTD/xhtml1-transitional.dtd">
<html xmlns="http://www.w3.org/1999/xhtml" xml:lang="en" lang="en">
 <head>
  <title>
</title>
<meta http-equiv="Content-Type" content="text/html;charset=utf-8" />
  <meta name='ocr-system' content='tesseract 3.04.00' />
  <meta name='ocr-capabilities' content='ocr_page ocr_carea ocr_par ocr_line ocrx_word'/>
</head>
<body>
  <div class='ocr_page' id='page_1' title='image "./propubliosestioo00ciceuoft/propubliosestioo00ciceuoft_0038.png"; bbox 0 0 1812 2950; ppageno 0'>
   <div class='ocr_carea' id='block_1_1' title="bbox 148 129 1266 207">
    <p class='ocr_par' dir='ltr' id='par_1_1' title="bbox 148 129 1266 207">
     <span class='ocr_line' id='line_1_1' title="bbox 148 129 1266 207; baseline 0.001 -29"><span class='ocrx_word' id='word_1_1' title='bbox 148 129 180 207; x_wconf 52' lang='lat' dir='ltr'>ff</span> <span class='ocrx_word' id='word_1_2' title='bbox 519 131 590 178; x_wconf 85' lang='lat' dir='ltr'><strong>M.</strong></span> <span class='ocrx_word' id='word_1_3' title='bbox 633 130 851 179; x_wconf 77' lang='lat' dir='ltr'><em>TULLI</em></span> <span class='ocrx_word' id='word_1_4' title='bbox 883 129 1266 180; x_wconf 78' lang='lat' dir='ltr'><em>CICERONIS</em></span> 
     </span>
    </p>
   </div>
   <div class='ocr_carea' id='block_1_2' title="bbox 98 260 1783 2830">
    <p class='ocr_par' dir='ltr' id='par_1_2' title="bbox 148 260 1783 649">
     <span class='ocr_line' id='line_1_2' title="bbox 148 260 1647 324; baseline 0 -16"><span class='ocrx_word' id='word_1_5' title='bbox 148 277 277 320; x_wconf 90' lang='lat' dir='ltr'><strong>nam,</strong></span> <span class='ocrx_word' id='word_1_6' title='bbox 320 261 484 324; x_wconf 88' lang='lat' dir='ltr'><strong>quoad</strong></span> <span class='ocrx_word' id='word_1_7' title='bbox 524 260 667 319; x_wconf 87' lang='lat' dir='ltr'><strong>vixit,</strong></span> <span class='ocrx_word' id='word_1_8' title='bbox 706 267 756 307; x_wconf 86' lang='lat' dir='ltr'><strong>et</strong></span> <span class='ocrx_word' id='word_1_9' title='bbox 803 260 934 307; x_wconf 90' lang='lat' dir='ltr'><strong>filiae</strong></span> <span class='ocrx_word' id='word_1_10' title='bbox 975 260 1294 308; x_wconf 75' lang='lat' dir='ltr'><strong>solitudinem</strong></span> <span class='ocrx_word' id='word_1_11' title='bbox 1335 261 1647 308; x_wconf 84' lang='lat' dir='ltr'><strong>sustentavit.</strong></span> 
     </span>
     <span class='ocr_line' id='line_1_3' title="bbox 150 340 1650 400; baseline -0.002 -11"><span class='ocrx_word' id='word_1_12' title='bbox 150 340 358 389; x_wconf 90' lang='lat' dir='ltr'><strong>Possum</strong></span> <span class='ocrx_word' id='word_1_13' title='bbox 403 341 562 388; x_wconf 85' lang='lat' dir='ltr'><strong>multa</strong></span> <span class='ocrx_word' id='word_1_14' title='bbox 607 341 770 388; x_wconf 84' lang='lat' dir='ltr'>dicere</span> <span class='ocrx_word' id='word_1_15' title='bbox 814 341 876 388; x_wconf 92' lang='lat' dir='ltr'><strong>de</strong></span> <span class='ocrx_word' id='word_1_16' title='bbox 921 340 1236 400; x_wconf 64' lang='lat' dir='ltr'><strong>liberalitate,</strong></span> <span class='ocrx_word' id='word_1_17' title='bbox 1275 340 1334 387; x_wconf 89' lang='lat' dir='ltr'><strong>de</strong></span> <span class='ocrx_word' id='word_1_18' title='bbox 1369 341 1650 388; x_wconf 74' lang='lat' dir='ltr'><strong>domesticis</strong></span> 
     </span>
     <span class='ocr_line' id='line_1_4' title="bbox 150 422 1651 484; baseline -0.001 -14"><span class='ocrx_word' id='word_1_19' title='bbox 150 423 337 482; x_wconf 88' lang='lat' dir='ltr'><strong>officiis,</strong></span> <span class='ocrx_word' id='word_1_20' title='bbox 376 423 436 470; x_wconf 93' lang='lat' dir='ltr'><strong>de</strong></span> <span class='ocrx_word' id='word_1_21' title='bbox 484 423 745 469; x_wconf 83' lang='lat' dir='ltr'><strong>tribunatu</strong></span> <span class='ocrx_word' id='word_1_22' title='bbox 794 422 1011 480; x_wconf 84' lang='lat' dir='ltr'><strong>militari,</strong></span> <span class='ocrx_word' id='word_1_23' title='bbox 1062 422 1122 469; x_wconf 90' lang='lat' dir='ltr'><strong>de</strong></span> <span class='ocrx_word' id='word_1_24' title='bbox 1160 422 1450 484; x_wconf 87' lang='lat' dir='ltr'><strong>provinciali</strong></span> <span class='ocrx_word' id='word_1_25' title='bbox 1495 422 1549 468; x_wconf 90' lang='lat' dir='ltr'><strong>in</strong></span> <span class='ocrx_word' id='word_1_26' title='bbox 1595 438 1651 469; x_wconf 91' lang='lat' dir='ltr'><strong>eo</strong></span> 
     </span>
     <span class='ocr_line' id='line_1_5' title="bbox 150 487 1651 568; baseline -0.001 -16"><span class='ocrx_word' id='word_1_27' title='bbox 150 506 443 568; x_wconf 88' lang='lat' dir='ltr'><strong>magistratu</strong></span> <span class='ocrx_word' id='word_1_28' title='bbox 480 487 813 564; x_wconf 68' lang='lat' dir='ltr'><strong>abstinentia3</strong></span> <span class='ocrx_word' id='word_1_29' title='bbox 850 504 934 551; x_wconf 90' lang='lat' dir='ltr'><strong>sed</strong></span> <span class='ocrx_word' id='word_1_30' title='bbox 964 504 1088 550; x_wconf 91' lang='lat' dir='ltr'><strong>mihi</strong></span> <span class='ocrx_word' id='word_1_31' title='bbox 1127 509 1244 551; x_wconf 90' lang='lat' dir='ltr'><strong>ante</strong></span> <span class='ocrx_word' id='word_1_32' title='bbox 1285 504 1449 551; x_wconf 90' lang='lat' dir='ltr'><strong>oculos</strong></span> <span class='ocrx_word' id='word_1_33' title='bbox 1483 505 1651 551; x_wconf 92' lang='lat' dir='ltr'><strong>obver-</strong></span> 
     </span>
     <span class='ocr_line' id='line_1_6' title="bbox 151 570 1783 649; baseline 0.001 -16"><span class='ocrx_word' id='word_1_34' title='bbox 151 591 290 633; x_wconf 86' lang='lat' dir='ltr'><strong>satur</strong></span> <span class='ocrx_word' id='word_1_35' title='bbox 307 586 380 633; x_wconf 90' lang='lat' dir='ltr'><strong>rei</strong></span> <span class='ocrx_word' id='word_1_36' title='bbox 402 586 630 648; x_wconf 90' lang='lat' dir='ltr'><strong>publicae</strong></span> <span class='ocrx_word' id='word_1_37' title='bbox 654 586 886 649; x_wconf 86' lang='lat' dir='ltr'><strong>dignitas,</strong></span> <span class='ocrx_word' id='word_1_38' title='bbox 903 601 1029 649; x_wconf 89' lang='lat' dir='ltr'><strong>quae</strong></span> <span class='ocrx_word' id='word_1_39' title='bbox 1052 601 1131 632; x_wconf 92' lang='lat' dir='ltr'><strong>me</strong></span> <span class='ocrx_word' id='word_1_40' title='bbox 1155 586 1219 633; x_wconf 92' lang='lat' dir='ltr'><strong>ad</strong></span> <span class='ocrx_word' id='word_1_41' title='bbox 1242 601 1346 632; x_wconf 89' lang='lat' dir='ltr'><strong>sese</strong></span> <span class='ocrx_word' id='word_1_42' title='bbox 1369 586 1516 648; x_wconf 86' lang='lat' dir='ltr'><strong>rapit,</strong></span> <span class='ocrx_word' id='word_1_43' title='bbox 1532 586 1650 632; x_wconf 89' lang='lat' dir='ltr'><strong>haec</strong></span> <span class='ocrx_word' id='word_1_44' title='bbox 1670 602 1692 636; x_wconf 81' lang='lat'>5</span> <span class='ocrx_word' id='word_1_45' title='bbox 1781 570 1783 573; x_wconf 68' lang='lat'>‚</span> 
     </span>
    </p>

    <p class='ocr_par' dir='ltr' id='par_1_3' title="bbox 98 665 1781 1939">
     <span class='ocr_line' id='line_1_7' title="bbox 98 665 1650 728; baseline -0.001 -15"><span class='ocrx_word' id='word_1_46' title='bbox 98 669 128 715; x_wconf 91' lang='lat'>8</span> <span class='ocrx_word' id='word_1_47' title='bbox 150 667 343 713; x_wconf 91' lang='lat' dir='ltr'><strong>minora</strong></span> <span class='ocrx_word' id='word_1_48' title='bbox 366 666 642 728; x_wconf 87' lang='lat' dir='ltr'><strong>relinquere</strong></span> <span class='ocrx_word' id='word_1_49' title='bbox 665 666 908 712; x_wconf 82' lang='lat' dir='ltr'><strong>hortatur.</strong></span> <span class='ocrx_word' id='word_1_50' title='bbox 984 665 1229 722; x_wconf 80' lang='lat' dir='ltr'><strong>Quaestor</strong></span> <span class='ocrx_word' id='word_1_51' title='bbox 1251 665 1333 712; x_wconf 86' lang='lat' dir='ltr'><strong>hic</strong></span> <span class='ocrx_word' id='word_1_52' title='bbox 1358 665 1411 714; x_wconf 87' lang='lat' dir='ltr'><strong>C.</strong></span> <span class='ocrx_word' id='word_1_53' title='bbox 1440 665 1650 725; x_wconf 87' lang='lat' dir='ltr'><strong>Antoni,</strong></span> 
     </span>
     <span class='ocr_line' id='line_1_8' title="bbox 150 745 1653 809; baseline -0.001 -15"><span class='ocrx_word' id='word_1_54' title='bbox 150 746 362 809; x_wconf 84' lang='lat' dir='ltr'><strong>collegae</strong></span> <span class='ocrx_word' id='word_1_55' title='bbox 385 747 496 802; x_wconf 86' lang='lat' dir='ltr'><strong>mei,</strong></span> <span class='ocrx_word' id='word_1_56' title='bbox 522 747 720 804; x_wconf 89' lang='lat' dir='ltr'><strong>iudices,</strong></span> <span class='ocrx_word' id='word_1_57' title='bbox 747 746 846 792; x_wconf 88' lang='lat' dir='ltr'><strong>fuit</strong></span> <span class='ocrx_word' id='word_1_58' title='bbox 878 750 1023 804; x_wconf 81' lang='lat' dir='ltr'><strong>sorte,</strong></span> <span class='ocrx_word' id='word_1_59' title='bbox 1056 745 1141 792; x_wconf 91' lang='lat' dir='ltr'><strong>sed</strong></span> <span class='ocrx_word' id='word_1_60' title='bbox 1171 745 1404 793; x_wconf 88' lang='lat' dir='ltr'><strong>societate</strong></span> <span class='ocrx_word' id='word_1_61' title='bbox 1431 746 1653 792; x_wconf 88' lang='lat' dir='ltr'><strong>consilio-</strong></span> 
     </span>
     <span class='ocr_line' id='line_1_9' title="bbox 150 826 1654 890; baseline -0.001 -15"><span class='ocrx_word' id='word_1_62' title='bbox 150 845 263 874; x_wconf 87' lang='lat' dir='ltr'><strong>rum</strong></span> <span class='ocrx_word' id='word_1_63' title='bbox 285 844 435 875; x_wconf 91' lang='lat' dir='ltr'><strong>meus.</strong></span> <span class='ocrx_word' id='word_1_64' title='bbox 504 827 756 890; x_wconf 87' lang='lat' dir='ltr'><strong>Impedior</strong></span> <span class='ocrx_word' id='word_1_65' title='bbox 778 843 880 873; x_wconf 93' lang='lat' dir='ltr'><strong>non</strong></span> <span class='ocrx_word' id='word_1_66' title='bbox 902 826 1090 873; x_wconf 90' lang='lat' dir='ltr'><strong>nullius</strong></span> <span class='ocrx_word' id='word_1_67' title='bbox 1114 827 1272 885; x_wconf 88' lang='lat' dir='ltr'><strong>officii,</strong></span> <span class='ocrx_word' id='word_1_68' title='bbox 1300 832 1359 873; x_wconf 92' lang='lat' dir='ltr'><strong>ut</strong></span> <span class='ocrx_word' id='word_1_69' title='bbox 1392 842 1480 889; x_wconf 87' lang='lat' dir='ltr'><strong>ego</strong></span> <span class='ocrx_word' id='word_1_70' title='bbox 1503 827 1654 874; x_wconf 89' lang='lat' dir='ltr'><strong>inter-</strong></span> 
     </span>
     <span class='ocr_line' id='line_1_10' title="bbox 140 893 1654 972; baseline -0.002 -16"><span class='ocrx_word' id='word_1_71' title='bbox 140 893 332 972; x_wconf 46' lang='lat' dir='ltr'><strong>ep&#39;ii&#39;eton</strong></span> <span class='ocrx_word' id='word_1_72' title='bbox 369 909 620 971; x_wconf 84' lang='lat' dir='ltr'><strong>religione,</strong></span> <span class='ocrx_word' id='word_1_73' title='bbox 664 924 761 971; x_wconf 94' lang='lat' dir='ltr'><strong>quo</strong></span> <span class='ocrx_word' id='word_1_74' title='bbox 799 908 965 955; x_wconf 91' lang='lat' dir='ltr'><strong>minus</strong></span> <span class='ocrx_word' id='word_1_75' title='bbox 999 923 1256 970; x_wconf 86' lang='lat' dir='ltr'><strong>exponam,</strong></span> <span class='ocrx_word' id='word_1_76' title='bbox 1301 923 1449 970; x_wconf 89' lang='lat' dir='ltr'><strong>quam</strong></span> <span class='ocrx_word' id='word_1_77' title='bbox 1495 899 1654 954; x_wconf 60' lang='lat' dir='ltr'><strong>mhlta</strong></span> 
     </span>
     <span class='ocr_line' id='line_1_11' title="bbox 153 988 1716 1052; baseline 0 -16"><span class='ocrx_word' id='word_1_78' title='bbox 153 989 209 1036; x_wconf 91' lang='lat' dir='ltr'><strong>P.</strong></span> <span class='ocrx_word' id='word_1_79' title='bbox 249 989 454 1049; x_wconf 81' lang='lat' dir='ltr'><strong>Sestius,</strong></span> <span class='ocrx_word' id='word_1_80' title='bbox 493 1004 604 1036; x_wconf 91' lang='lat' dir='ltr'><strong>cum</strong></span> <span class='ocrx_word' id='word_1_81' title='bbox 640 993 769 1035; x_wconf 90' lang='lat' dir='ltr'><strong>esset</strong></span> <span class='ocrx_word' id='word_1_82' title='bbox 809 1004 920 1035; x_wconf 90' lang='lat' dir='ltr'><strong>cum</strong></span> <span class='ocrx_word' id='word_1_83' title='bbox 955 988 1138 1052; x_wconf 86' lang='lat' dir='ltr'><strong>collega</strong></span> <span class='ocrx_word' id='word_1_84' title='bbox 1172 1004 1294 1047; x_wconf 94' lang='lat' dir='ltr'><strong>meo,</strong></span> <span class='ocrx_word' id='word_1_85' title='bbox 1332 989 1552 1046; x_wconf 90' lang='lat' dir='ltr'><strong>senserit,</strong></span> <span class='ocrx_word' id='word_1_86' title='bbox 1593 989 1655 1035; x_wconf 90' lang='lat' dir='ltr'><strong>ad</strong></span> <span class='ocrx_word' id='word_1_87' title='bbox 1675 1003 1716 1036; x_wconf 87' lang='lat'><strong>10</strong></span> 
     </span>
     <span class='ocr_line' id='line_1_12' title="bbox 151 1069 1655 1132; baseline 0 -16"><span class='ocrx_word' id='word_1_88' title='bbox 151 1086 231 1117; x_wconf 89' lang='lat' dir='ltr'><strong>me</strong></span> <span class='ocrx_word' id='word_1_89' title='bbox 265 1070 514 1130; x_wconf 84' lang='lat' dir='ltr'><strong>detulerit,</strong></span> <span class='ocrx_word' id='word_1_90' title='bbox 551 1075 738 1132; x_wconf 86' lang='lat' dir='ltr'><strong>quanto</strong></span> <span class='ocrx_word' id='word_1_91' title='bbox 766 1075 882 1116; x_wconf 88' lang='lat' dir='ltr'><strong>ante</strong></span> <span class='ocrx_word' id='word_1_92' title='bbox 916 1070 1199 1132; x_wconf 89' lang='lat' dir='ltr'><strong>providerit.</strong></span> <span class='ocrx_word' id='word_1_93' title='bbox 1273 1069 1445 1132; x_wconf 86' lang='lat' dir='ltr'><strong>Atque</strong></span> <span class='ocrx_word' id='word_1_94' title='bbox 1480 1085 1568 1132; x_wconf 89' lang='lat' dir='ltr'><strong>ego</strong></span> <span class='ocrx_word' id='word_1_95' title='bbox 1595 1070 1655 1116; x_wconf 89' lang='lat' dir='ltr'><strong>de</strong></span> 
     </span>
     <span class='ocr_line' id='line_1_13' title="bbox 152 1149 1654 1212; baseline -0.001 -15"><span class='ocrx_word' id='word_1_96' title='bbox 152 1150 380 1197; x_wconf 86' lang='lat' dir='ltr'><strong>Antonio</strong></span> <span class='ocrx_word' id='word_1_97' title='bbox 428 1150 551 1196; x_wconf 90' lang='lat' dir='ltr'><strong>nihil</strong></span> <span class='ocrx_word' id='word_1_98' title='bbox 601 1150 710 1196; x_wconf 93' lang='lat' dir='ltr'><strong>dico</strong></span> <span class='ocrx_word' id='word_1_99' title='bbox 751 1154 948 1212; x_wconf 89' lang='lat' dir='ltr'><strong>praeter</strong></span> <span class='ocrx_word' id='word_1_100' title='bbox 987 1165 1159 1207; x_wconf 90' lang='lat' dir='ltr'><strong>unum,</strong></span> <span class='ocrx_word' id='word_1_101' title='bbox 1196 1165 1468 1212; x_wconf 92' lang='lat' dir='ltr'><strong>numquam</strong></span> <span class='ocrx_word' id='word_1_102' title='bbox 1512 1149 1654 1196; x_wconf 92' lang='lat' dir='ltr'><strong>illum</strong></span> 
     </span>
     <span class='ocr_line' id='line_1_14' title="bbox 152 1230 1658 1293; baseline 0 -15"><span class='ocrx_word' id='word_1_103' title='bbox 152 1232 240 1280; x_wconf 92' lang='lat' dir='ltr'><strong>illo</strong></span> <span class='ocrx_word' id='word_1_104' title='bbox 274 1248 464 1279; x_wconf 87' lang='lat' dir='ltr'><strong>summo</strong></span> <span class='ocrx_word' id='word_1_105' title='bbox 504 1232 682 1278; x_wconf 90' lang='lat' dir='ltr'><strong>timore</strong></span> <span class='ocrx_word' id='word_1_106' title='bbox 716 1247 772 1278; x_wconf 88' lang='lat' dir='ltr'><strong>ac</strong></span> <span class='ocrx_word' id='word_1_107' title='bbox 812 1231 1030 1293; x_wconf 88' lang='lat' dir='ltr'><strong>periculo</strong></span> <span class='ocrx_word' id='word_1_108' title='bbox 1077 1230 1298 1277; x_wconf 86' lang='lat' dir='ltr'><strong>civitatis</strong></span> <span class='ocrx_word' id='word_1_109' title='bbox 1339 1247 1498 1293; x_wconf 92' lang='lat' dir='ltr'><strong>neque</strong></span> <span class='ocrx_word' id='word_1_110' title='bbox 1533 1247 1658 1278; x_wconf 89' lang='lat' dir='ltr'><strong>com-</strong></span> 
     </span>
     <span class='ocr_line' id='line_1_15' title="bbox 154 1311 1654 1381; baseline 0 -23"><span class='ocrx_word' id='word_1_111' title='bbox 154 1327 356 1358; x_wconf 91' lang='lat' dir='ltr'><strong>munem</strong></span> <span class='ocrx_word' id='word_1_112' title='bbox 396 1316 585 1358; x_wconf 89' lang='lat' dir='ltr'><strong>metum</strong></span> <span class='ocrx_word' id='word_1_113' title='bbox 616 1311 838 1358; x_wconf 90' lang='lat' dir='ltr'><strong>omnium</strong></span> <span class='ocrx_word' id='word_1_114' title='bbox 872 1326 962 1357; x_wconf 90' lang='lat' dir='ltr'><strong>nec</strong></span> <span class='ocrx_word' id='word_1_115' title='bbox 995 1311 1246 1381; x_wconf 82' lang='lat' dir='ltr'><strong>propriam</strong></span> <span class='ocrx_word' id='word_1_116' title='bbox 1277 1326 1378 1357; x_wconf 89' lang='lat' dir='ltr'><strong>non</strong></span> <span class='ocrx_word' id='word_1_117' title='bbox 1406 1311 1654 1358; x_wconf 88' lang='lat' dir='ltr'><strong>nullorum</strong></span> 
     </span>
     <span class='ocr_line' id='line_1_16' title="bbox 155 1381 1781 1490; baseline -0.001 -50"><span class='ocrx_word' id='word_1_118' title='bbox 155 1393 252 1440; x_wconf 90' lang='lat' dir='ltr'><strong>de</strong></span> <span class='ocrx_word' id='word_1_119' title='bbox 238 1408 345 1455; x_wconf 83' lang='lat' dir='ltr'><strong>lpso</strong></span> <span class='ocrx_word' id='word_1_120' title='bbox 368 1392 695 1490; x_wconf 86' lang='lat' dir='ltr'><strong>suspicionem</strong></span> <span class='ocrx_word' id='word_1_121' title='bbox 719 1397 808 1438; x_wconf 92' lang='lat' dir='ltr'><strong>aut</strong></span> <span class='ocrx_word' id='word_1_122' title='bbox 830 1381 1092 1438; x_wconf 79' lang='lat' dir='ltr'><strong>infitiando</strong></span> <span class='ocrx_word' id='word_1_123' title='bbox 1115 1392 1288 1439; x_wconf 90' lang='lat' dir='ltr'><strong>tollere</strong></span> <span class='ocrx_word' id='word_1_124' title='bbox 1311 1397 1400 1439; x_wconf 88' lang='lat' dir='ltr'><strong>aut</strong></span> <span class='ocrx_word' id='word_1_125' title='bbox 1430 1392 1657 1439; x_wconf 90' lang='lat' dir='ltr'><strong>dissimu-</strong></span> <span class='ocrx_word' id='word_1_126' title='bbox 1677 1403 1718 1438; x_wconf 75' lang='lat'><strong>15</strong></span> <span class='ocrx_word' id='word_1_127' title='bbox 1779 1456 1781 1458; x_wconf 10' lang='lat' dir='ltr'><strong>q</strong></span> 
     </span>
     <span class='ocr_line' id='line_1_17' title="bbox 155 1444 1658 1536; baseline -0.002 -13"><span class='ocrx_word' id='word_1_128' title='bbox 155 1476 302 1523; x_wconf 89' lang='lat' dir='ltr'><strong>lando</strong></span> <span class='ocrx_word' id='word_1_129' title='bbox 326 1444 495 1522; x_wconf 55' lang='lat' dir='ltr'><strong>sedare</strong></span> <span class='ocrx_word' id='word_1_130' title='bbox 518 1475 768 1521; x_wconf 89' lang='lat' dir='ltr'><strong>voluisse.</strong></span> <span class='ocrx_word' id='word_1_131' title='bbox 767 1458 853 1521; x_wconf 92' lang='lat' dir='ltr'><strong>In</strong></span> <span class='ocrx_word' id='word_1_132' title='bbox 877 1489 974 1536; x_wconf 93' lang='lat' dir='ltr'><strong>quo</strong></span> <span class='ocrx_word' id='word_1_133' title='bbox 998 1474 1182 1536; x_wconf 89' lang='lat' dir='ltr'><strong>collega</strong></span> <span class='ocrx_word' id='word_1_134' title='bbox 1197 1474 1486 1520; x_wconf 88' lang='lat' dir='ltr'><strong>sustinendo</strong></span> <span class='ocrx_word' id='word_1_135' title='bbox 1509 1478 1658 1536; x_wconf 87' lang='lat' dir='ltr'><strong>atque</strong></span> 
     </span>
     <span class='ocr_line' id='line_1_18' title="bbox 155 1544 1658 1618; baseline -0.002 -14"><span class='ocrx_word' id='word_1_136' title='bbox 155 1544 469 1604; x_wconf 90' lang='lat' dir='ltr'><strong>moderando</strong></span> <span class='ocrx_word' id='word_1_137' title='bbox 478 1556 520 1603; x_wconf 91' lang='lat' dir='ltr'><strong>si</strong></span> <span class='ocrx_word' id='word_1_138' title='bbox 543 1572 702 1603; x_wconf 90' lang='lat' dir='ltr'><strong>meam</strong></span> <span class='ocrx_word' id='word_1_139' title='bbox 721 1557 775 1602; x_wconf 90' lang='lat' dir='ltr'><strong>in</strong></span> <span class='ocrx_word' id='word_1_140' title='bbox 798 1557 940 1602; x_wconf 90' lang='lat' dir='ltr'><strong>illum</strong></span> <span class='ocrx_word' id='word_1_141' title='bbox 958 1556 1319 1618; x_wconf 89' lang='lat' dir='ltr'><strong>indulgentiam</strong></span> <span class='ocrx_word' id='word_1_142' title='bbox 1343 1556 1658 1602; x_wconf 83' lang='lat' dir='ltr'><strong>coniunctam</strong></span> 
     </span>
     <span class='ocr_line' id='line_1_19' title="bbox 157 1635 1656 1699; baseline -0.002 -13"><span class='ocrx_word' id='word_1_143' title='bbox 157 1654 269 1686; x_wconf 88' lang='lat' dir='ltr'><strong>cum</strong></span> <span class='ocrx_word' id='word_1_144' title='bbox 285 1653 476 1684; x_wconf 88' lang='lat' dir='ltr'><strong>summa</strong></span> <span class='ocrx_word' id='word_1_145' title='bbox 493 1637 716 1684; x_wconf 87' lang='lat' dir='ltr'><strong>custodia</strong></span> <span class='ocrx_word' id='word_1_146' title='bbox 728 1637 800 1683; x_wconf 91' lang='lat' dir='ltr'><strong>rei</strong></span> <span class='ocrx_word' id='word_1_147' title='bbox 815 1637 1039 1699; x_wconf 89' lang='lat' dir='ltr'><strong>publicae</strong></span> <span class='ocrx_word' id='word_1_148' title='bbox 1057 1636 1259 1684; x_wconf 87' lang='lat' dir='ltr'><strong>laudare</strong></span> <span class='ocrx_word' id='word_1_149' title='bbox 1276 1652 1392 1683; x_wconf 90' lang='lat' dir='ltr'><strong>vere</strong></span> <span class='ocrx_word' id='word_1_150' title='bbox 1410 1635 1656 1696; x_wconf 84' lang='lat' dir='ltr'><strong>solebatis,</strong></span> 
     </span>
     <span class='ocr_line' id='line_1_20' title="bbox 159 1715 1658 1780; baseline -0.001 -16"><span class='ocrx_word' id='word_1_151' title='bbox 159 1733 249 1780; x_wconf 92' lang='lat' dir='ltr'><strong>par</strong></span> <span class='ocrx_word' id='word_1_152' title='bbox 279 1733 432 1780; x_wconf 88' lang='lat' dir='ltr'><strong>prope</strong></span> <span class='ocrx_word' id='word_1_153' title='bbox 463 1717 572 1763; x_wconf 91' lang='lat' dir='ltr'><strong>laus</strong></span> <span class='ocrx_word' id='word_1_154' title='bbox 604 1717 660 1764; x_wconf 92' lang='lat' dir='ltr'><strong>P.</strong></span> <span class='ocrx_word' id='word_1_155' title='bbox 691 1715 820 1763; x_wconf 82' lang='lat' dir='ltr'><strong>Sesti</strong></span> <span class='ocrx_word' id='word_1_156' title='bbox 852 1732 956 1763; x_wconf 87' lang='lat' dir='ltr'><strong>esse</strong></span> <span class='ocrx_word' id='word_1_157' title='bbox 988 1716 1146 1774; x_wconf 86' lang='lat' dir='ltr'><strong>debet,</strong></span> <span class='ocrx_word' id='word_1_158' title='bbox 1173 1717 1260 1779; x_wconf 91' lang='lat' dir='ltr'><strong>qui</strong></span> <span class='ocrx_word' id='word_1_159' title='bbox 1283 1716 1356 1763; x_wconf 87' lang='lat' dir='ltr'><strong>ita</strong></span> <span class='ocrx_word' id='word_1_160' title='bbox 1380 1732 1524 1763; x_wconf 92' lang='lat' dir='ltr'><strong>suum</strong></span> <span class='ocrx_word' id='word_1_161' title='bbox 1548 1732 1658 1763; x_wconf 91' lang='lat' dir='ltr'><strong>con-</strong></span> 
     </span>
     <span class='ocr_line' id='line_1_21' title="bbox 159 1796 1720 1859; baseline -0.001 -15"><span class='ocrx_word' id='word_1_162' title='bbox 159 1797 316 1845; x_wconf 90' lang='lat' dir='ltr'><strong>sulem</strong></span> <span class='ocrx_word' id='word_1_163' title='bbox 351 1797 649 1856; x_wconf 86' lang='lat' dir='ltr'><strong>observavit,</strong></span> <span class='ocrx_word' id='word_1_164' title='bbox 686 1801 745 1843; x_wconf 91' lang='lat' dir='ltr'><strong>ut</strong></span> <span class='ocrx_word' id='word_1_165' title='bbox 780 1801 830 1843; x_wconf 88' lang='lat' dir='ltr'><strong>et</strong></span> <span class='ocrx_word' id='word_1_166' title='bbox 863 1796 940 1842; x_wconf 92' lang='lat' dir='ltr'><strong>illi</strong></span> <span class='ocrx_word' id='word_1_167' title='bbox 974 1801 1207 1859; x_wconf 87' lang='lat' dir='ltr'><strong>quaestor</strong></span> <span class='ocrx_word' id='word_1_168' title='bbox 1240 1797 1399 1843; x_wconf 91' lang='lat' dir='ltr'><strong>bonus</strong></span> <span class='ocrx_word' id='word_1_169' title='bbox 1433 1801 1485 1842; x_wconf 91' lang='lat' dir='ltr'><strong>et</strong></span> <span class='ocrx_word' id='word_1_170' title='bbox 1517 1796 1658 1843; x_wconf 89' lang='lat' dir='ltr'><strong>bonis</strong></span> <span class='ocrx_word' id='word_1_171' title='bbox 1679 1813 1720 1845; x_wconf 71' lang='lat'><strong>20</strong></span> 
     </span>
     <span class='ocr_line' id='line_1_22' title="bbox 159 1877 1062 1939; baseline 0 -14"><span class='ocrx_word' id='word_1_172' title='bbox 159 1878 389 1926; x_wconf 92' lang='lat' dir='ltr'><strong>omnibus</strong></span> <span class='ocrx_word' id='word_1_173' title='bbox 412 1878 628 1939; x_wconf 89' lang='lat' dir='ltr'><strong>optimus</strong></span> <span class='ocrx_word' id='word_1_174' title='bbox 652 1877 774 1924; x_wconf 90' lang='lat' dir='ltr'><strong>civis</strong></span> <span class='ocrx_word' id='word_1_175' title='bbox 797 1877 1062 1925; x_wconf 89' lang='lat' dir='ltr'><strong>videretur.</strong></span> 
     </span>
    </p>

    <p class='ocr_par' dir='ltr' id='par_1_4' title="bbox 109 1959 1724 2830">
     <span class='ocr_line' id='line_1_23' title="bbox 109 1959 1660 2020; baseline -0.002 -11"><span class='ocrx_word' id='word_1_176' title='bbox 109 1963 137 2010; x_wconf 88' lang='lat'>9</span> <span class='ocrx_word' id='word_1_177' title='bbox 261 1960 356 2006; x_wconf 84' lang='lat' dir='ltr'><strong>IV.</strong></span> <span class='ocrx_word' id='word_1_178' title='bbox 431 1960 588 2019; x_wconf 92' lang='lat' dir='ltr'><strong>Idem,</strong></span> <span class='ocrx_word' id='word_1_179' title='bbox 616 1976 727 2006; x_wconf 87' lang='lat' dir='ltr'><strong>cum</strong></span> <span class='ocrx_word' id='word_1_180' title='bbox 758 1959 847 2006; x_wconf 92' lang='lat' dir='ltr'><strong>illa</strong></span> <span class='ocrx_word' id='word_1_181' title='bbox 878 1959 1154 2006; x_wconf 90' lang='lat' dir='ltr'><strong>coniuratio</strong></span> <span class='ocrx_word' id='word_1_182' title='bbox 1179 1975 1241 2005; x_wconf 85' lang='lat' dir='ltr'><strong>ex</strong></span> <span class='ocrx_word' id='word_1_183' title='bbox 1273 1959 1478 2005; x_wconf 89' lang='lat' dir='ltr'><strong>latebris</strong></span> <span class='ocrx_word' id='word_1_184' title='bbox 1510 1964 1660 2020; x_wconf 85' lang='lat' dir='ltr'><strong>atque</strong></span> 
     </span>
     <span class='ocr_line' id='line_1_24' title="bbox 160 2039 1660 2103; baseline -0.001 -15"><span class='ocrx_word' id='word_1_185' title='bbox 160 2057 224 2088; x_wconf 85' lang='lat' dir='ltr'><strong>ex</strong></span> <span class='ocrx_word' id='word_1_186' title='bbox 246 2041 464 2087; x_wconf 89' lang='lat' dir='ltr'><strong>tenebris</strong></span> <span class='ocrx_word' id='word_1_187' title='bbox 488 2041 728 2103; x_wconf 88' lang='lat' dir='ltr'><strong>erupisset</strong></span> <span class='ocrx_word' id='word_1_188' title='bbox 750 2040 1012 2103; x_wconf 88' lang='lat' dir='ltr'><strong>palamque</strong></span> <span class='ocrx_word' id='word_1_189' title='bbox 1035 2045 1227 2086; x_wconf 84' lang='lat' dir='ltr'><strong>armata</strong></span> <span class='ocrx_word' id='word_1_190' title='bbox 1250 2039 1498 2099; x_wconf 89' lang='lat' dir='ltr'><strong>volitaret,</strong></span> <span class='ocrx_word' id='word_1_191' title='bbox 1519 2040 1660 2086; x_wconf 89' lang='lat' dir='ltr'><strong>venit</strong></span> 
     </span>
     <span class='ocr_line' id='line_1_25' title="bbox 160 2121 1660 2185; baseline -0.002 -15"><span class='ocrx_word' id='word_1_192' title='bbox 160 2139 273 2170; x_wconf 90' lang='lat' dir='ltr'><strong>cum</strong></span> <span class='ocrx_word' id='word_1_193' title='bbox 304 2122 525 2169; x_wconf 84' lang='lat' dir='ltr'><strong>exercitu</strong></span> <span class='ocrx_word' id='word_1_194' title='bbox 557 2122 792 2185; x_wconf 82' lang='lat' dir='ltr'><strong>Capuam,</strong></span> <span class='ocrx_word' id='word_1_195' title='bbox 819 2138 967 2185; x_wconf 90' lang='lat' dir='ltr'><strong>quam</strong></span> <span class='ocrx_word' id='word_1_196' title='bbox 998 2123 1172 2168; x_wconf 90' lang='lat' dir='ltr'><strong>urbem</strong></span> <span class='ocrx_word' id='word_1_197' title='bbox 1195 2126 1400 2183; x_wconf 89' lang='lat' dir='ltr'><strong>propter</strong></span> <span class='ocrx_word' id='word_1_198' title='bbox 1422 2121 1660 2183; x_wconf 88' lang='lat' dir='ltr'><strong>plurimas</strong></span> 
     </span>
     <span class='ocr_line' id='line_1_26' title="bbox 160 2202 1723 2265; baseline -0.002 -15"><span class='ocrx_word' id='word_1_199' title='bbox 160 2203 280 2250; x_wconf 90' lang='lat' dir='ltr'><strong>belli</strong></span> <span class='ocrx_word' id='word_1_200' title='bbox 315 2203 711 2265; x_wconf 89' lang='lat' dir='ltr'><strong>opportunitates</strong></span> <span class='ocrx_word' id='word_1_201' title='bbox 746 2205 808 2250; x_wconf 92' lang='lat' dir='ltr'><strong>ab</strong></span> <span class='ocrx_word' id='word_1_202' title='bbox 843 2203 930 2250; x_wconf 90' lang='lat' dir='ltr'><strong>illa</strong></span> <span class='ocrx_word' id='word_1_203' title='bbox 964 2203 1118 2265; x_wconf 91' lang='lat' dir='ltr'><strong>impia</strong></span> <span class='ocrx_word' id='word_1_204' title='bbox 1159 2207 1210 2249; x_wconf 91' lang='lat' dir='ltr'><strong>et</strong></span> <span class='ocrx_word' id='word_1_205' title='bbox 1244 2202 1478 2249; x_wconf 87' lang='lat' dir='ltr'><strong>scelerata</strong></span> <span class='ocrx_word' id='word_1_206' title='bbox 1511 2217 1662 2248; x_wconf 90' lang='lat' dir='ltr'><strong>manu</strong></span> <span class='ocrx_word' id='word_1_207' title='bbox 1682 2219 1723 2253; x_wconf 60' lang='grc' dir='ltr'>π</span> 
     </span>
     <span class='ocr_line' id='line_1_27' title="bbox 161 2283 1662 2345; baseline -0.002 -14"><span class='ocrx_word' id='word_1_208' title='bbox 161 2283 398 2345; x_wconf 88' lang='lat' dir='ltr'><strong>temptari</strong></span> <span class='ocrx_word' id='word_1_209' title='bbox 447 2284 843 2345; x_wconf 90' lang='lat' dir='ltr'><strong>suspicabamur:</strong></span> <span class='ocrx_word' id='word_1_210' title='bbox 899 2284 952 2332; x_wconf 83' lang='lat' dir='ltr'><strong>O.</strong></span> <span class='ocrx_word' id='word_1_211' title='bbox 1010 2284 1351 2342; x_wconf 87' lang='lat' dir='ltr'><strong>Mevulanum,</strong></span> <span class='ocrx_word' id='word_1_212' title='bbox 1404 2283 1662 2329; x_wconf 88' lang='lat' dir='ltr'><strong>tribunum</strong></span> 
     </span>
     <span class='ocr_line' id='line_1_28' title="bbox 162 2364 1662 2428; baseline -0.001 -17"><span class='ocrx_word' id='word_1_213' title='bbox 162 2364 381 2411; x_wconf 86' lang='lat' dir='ltr'><strong>militum</strong></span> <span class='ocrx_word' id='word_1_214' title='bbox 415 2364 623 2424; x_wconf 87' lang='lat' dir='ltr'><strong>Antoni,</strong></span> <span class='ocrx_word' id='word_1_215' title='bbox 663 2365 832 2427; x_wconf 88' lang='lat' dir='ltr'><strong>Capua</strong></span> <span class='ocrx_word' id='word_1_216' title='bbox 865 2365 1183 2428; x_wconf 89' lang='lat' dir='ltr'><strong>praecipitem</strong></span> <span class='ocrx_word' id='word_1_217' title='bbox 1221 2364 1376 2424; x_wconf 90' lang='lat' dir='ltr'><strong>eiecit,</strong></span> <span class='ocrx_word' id='word_1_218' title='bbox 1414 2364 1662 2410; x_wconf 88' lang='lat' dir='ltr'><strong>hominem</strong></span> 
     </span>
     <span class='ocr_line' id='line_1_29' title="bbox 163 2443 1663 2529; baseline -0.002 -37"><span class='ocrx_word' id='word_1_219' title='bbox 163 2445 415 2509; x_wconf 86' lang='lat' dir='ltr'><strong>perditum</strong></span> <span class='ocrx_word' id='word_1_220' title='bbox 440 2451 492 2492; x_wconf 88' lang='lat' dir='ltr'><strong>et</strong></span> <span class='ocrx_word' id='word_1_221' title='bbox 514 2462 616 2493; x_wconf 88' lang='lat' dir='ltr'><strong>non</strong></span> <span class='ocrx_word' id='word_1_222' title='bbox 639 2447 842 2493; x_wconf 88' lang='lat' dir='ltr'><strong>obscure</strong></span> <span class='ocrx_word' id='word_1_223' title='bbox 861 2446 1058 2492; x_wconf 88' lang='lat' dir='ltr'><strong>Pisauri</strong></span> <span class='ocrx_word' id='word_1_224' title='bbox 1075 2445 1158 2492; x_wconf 89' lang='lat' dir='ltr'><strong>et</strong></span> <span class='ocrx_word' id='word_1_225' title='bbox 1143 2461 1199 2491; x_wconf 84' lang='lat' dir='ltr'><strong>in</strong></span> <span class='ocrx_word' id='word_1_226' title='bbox 1217 2444 1332 2529; x_wconf 64' lang='lat' dir='ltr'><strong>athis</strong></span> <span class='ocrx_word' id='word_1_227' title='bbox 1356 2444 1461 2506; x_wconf 86' lang='lat' dir='ltr'><strong>agri</strong></span> <span class='ocrx_word' id='word_1_228' title='bbox 1484 2443 1663 2490; x_wconf 83' lang='lat' dir='ltr'><strong>Gallici</strong></span> 
     </span>
     <span class='ocr_line' id='line_1_30' title="bbox 164 2499 1657 2589; baseline -0.001 -17"><span class='ocrx_word' id='word_1_229' title='bbox 164 2526 390 2589; x_wconf 90' lang='lat' dir='ltr'><strong>partibus</strong></span> <span class='ocrx_word' id='word_1_230' title='bbox 424 2525 478 2572; x_wconf 92' lang='lat' dir='ltr'><strong>in</strong></span> <span class='ocrx_word' id='word_1_231' title='bbox 512 2525 599 2572; x_wconf 92' lang='lat' dir='ltr'><strong>illa</strong></span> <span class='ocrx_word' id='word_1_232' title='bbox 633 2526 970 2572; x_wconf 84' lang='lat' dir='ltr'><strong>coniuratione</strong></span> <span class='ocrx_word' id='word_1_233' title='bbox 1004 2499 1267 2571; x_wconf 59' lang='lat' dir='ltr'><strong>veffiatum</strong></span> <span class='ocrx_word' id='word_1_234' title='bbox 1340 2523 1578 2585; x_wconf 92' lang='lat' dir='ltr'><strong>Idemque</strong></span> <span class='ocrx_word' id='word_1_235' title='bbox 1607 2523 1657 2571; x_wconf 86' lang='lat' dir='ltr'><strong>O.</strong></span> 
     </span>
     <span class='ocr_line' id='line_1_31' title="bbox 167 2605 1724 2668; baseline -0.002 -15"><span class='ocrx_word' id='word_1_236' title='bbox 167 2607 476 2665; x_wconf 89' lang='lat' dir='ltr'><strong>Marcellum,</strong></span> <span class='ocrx_word' id='word_1_237' title='bbox 497 2622 609 2653; x_wconf 88' lang='lat' dir='ltr'><strong>cum</strong></span> <span class='ocrx_word' id='word_1_238' title='bbox 631 2606 675 2653; x_wconf 90' lang='lat' dir='ltr'><strong>is</strong></span> <span class='ocrx_word' id='word_1_239' title='bbox 698 2622 799 2653; x_wconf 90' lang='lat' dir='ltr'><strong>non</strong></span> <span class='ocrx_word' id='word_1_240' title='bbox 823 2605 1044 2668; x_wconf 79' lang='lat' dir='ltr'><strong>Capuam</strong></span> <span class='ocrx_word' id='word_1_241' title='bbox 1062 2605 1222 2652; x_wconf 92' lang='lat' dir='ltr'><strong>solum</strong></span> <span class='ocrx_word' id='word_1_242' title='bbox 1239 2605 1470 2663; x_wconf 89' lang='lat' dir='ltr'><strong>venisset,</strong></span> <span class='ocrx_word' id='word_1_243' title='bbox 1491 2620 1661 2651; x_wconf 90' lang='lat' dir='ltr'><strong>verum</strong></span> <span class='ocrx_word' id='word_1_244' title='bbox 1682 2626 1724 2659; x_wconf 78' lang='lat'><strong>³0</strong></span> 
     </span>
     <span class='ocr_line' id='line_1_32' title="bbox 168 2684 1663 2750; baseline -0.003 -15"><span class='ocrx_word' id='word_1_245' title='bbox 168 2688 319 2735; x_wconf 88' lang='lat' dir='ltr'><strong>etiam</strong></span> <span class='ocrx_word' id='word_1_246' title='bbox 342 2703 393 2735; x_wconf 90' lang='lat' dir='ltr'><strong>se</strong></span> <span class='ocrx_word' id='word_1_247' title='bbox 417 2687 557 2750; x_wconf 92' lang='lat' dir='ltr'><strong>quasi</strong></span> <span class='ocrx_word' id='word_1_248' title='bbox 581 2703 829 2733; x_wconf 86' lang='lat' dir='ltr'><strong>armorum</strong></span> <span class='ocrx_word' id='word_1_249' title='bbox 853 2685 1018 2733; x_wconf 91' lang='lat' dir='ltr'><strong>studio</strong></span> <span class='ocrx_word' id='word_1_250' title='bbox 1050 2685 1105 2732; x_wconf 93' lang='lat' dir='ltr'><strong>in</strong></span> <span class='ocrx_word' id='word_1_251' title='bbox 1128 2684 1395 2731; x_wconf 83' lang='lat' dir='ltr'><strong>maximam</strong></span> <span class='ocrx_word' id='word_1_252' title='bbox 1426 2684 1663 2731; x_wconf 90' lang='lat' dir='ltr'><strong>familiam</strong></span> 
     </span>
     <span class='ocr_line' id='line_1_33' title="bbox 169 2766 1663 2830; baseline -0.003 -14"><span class='ocrx_word' id='word_1_253' title='bbox 169 2770 467 2830; x_wconf 85' lang='lat' dir='ltr'><strong>coniecisset,</strong></span> <span class='ocrx_word' id='word_1_254' title='bbox 494 2769 927 2817; x_wconf 84' lang='lat' dir='ltr'><strong>exterminandum</strong></span> <span class='ocrx_word' id='word_1_255' title='bbox 947 2783 1009 2814; x_wconf 84' lang='lat' dir='ltr'><strong>ex</strong></span> <span class='ocrx_word' id='word_1_256' title='bbox 1031 2767 1119 2814; x_wconf 91' lang='lat' dir='ltr'><strong>illa</strong></span> <span class='ocrx_word' id='word_1_257' title='bbox 1142 2766 1264 2813; x_wconf 91' lang='lat' dir='ltr'><strong>urbe</strong></span> <span class='ocrx_word' id='word_1_258' title='bbox 1282 2766 1487 2813; x_wconf 89' lang='lat' dir='ltr'><strong>curavit.</strong></span> <span class='ocrx_word' id='word_1_259' title='bbox 1553 2766 1663 2823; x_wconf 81' lang='lat' dir='ltr'><strong>Qua</strong></span> 
     </span>
    </p>
   </div>
   <div class='ocr_carea' id='block_1_3' title="bbox 1748 0 1812 2950">
    <p class='ocr_par' dir='ltr' id='par_1_5' title="bbox 1748 0 1812 2950">
     <span class='ocr_line' id='line_1_34' title="bbox 1748 0 1812 2950; baseline 0 0"><span class='ocrx_word' id='word_1_260' title='bbox 1748 0 1812 2950; x_wconf 95' lang='lat' dir='ltr'><strong> </strong></span> 
     </span>
    </p>
   </div>
  </div>
 </body>
</html>
