1812 2950
174 132 262 207 „34
281 136 283 138 ’
566 131 636 178 M.
689 130 907 178 TULLI
951 129 1327 212 GIOERONJs

196 260 374 307 maiore
407 274 653 307 maerore:
689 258 804 305 huic
833 259 896 305 ad
930 259 1102 304 urbem
1124 257 1347 304 venienti
1369 261 1475 304 tota
1497 257 1689 303 obviam

193 341 366 388 civitas
409 356 520 387 cum
566 339 780 386 lacrimis
825 339 1108 401 gemituque
1154 345 1467 400 processerat.
1503 336 1693 400 Loque-

191 422 339 468 batur
360 421 561 468 liberius
585 426 783 467 senatus
799 437 812 479 3
849 419 1204 466 concurrebant
1230 417 1420 479 equites
1451 417 1692 478 Romani;

194 500 310 549 Piso
333 501 431 560 ille,
455 517 604 563 gener
638 517 786 559 meus,
814 499 894 546 cui
921 499 1135 546 fructum
1163 498 1363 560 pietatis
1393 513 1508 544 suae
1535 513 1693 560 neque
1801 557 1803 564 ⁴

193 598 256 628 ex
282 599 360 628 me
391 598 550 645 neque
584 599 614 629 a
648 581 827 644 populo
856 581 1080 627 Romano
1107 579 1235 626 ferre
1267 578 1419 638 licuit,
1449 594 1478 624 a
1499 578 1692 640 propin·
1718 593 1741 624 5
1802 566 1804 576 ’

194 678 289 724 quo
336 678 424 709 suo
478 678 698 709 socerum
755 678 900 709 suum
924 675 925 678 ’
945 661 1231 723 flagitabat,
1290 660 1452 706 omnia
1498 666 1694 706 senatus
1802 637 1803 651 ἵ

193 744 438 804 reiciebat,
465 744 560 791 nisi
583 745 644 791 de
667 760 744 791 me
768 744 978 806 primum
1005 743 1225 790 consules
1247 741 1562 789 rettulissent.

109 826 168 874 69
293 824 531 873 XXXII.
605 823 742 881 Quae
777 839 888 870 cum
923 839 1001 869 res
1035 822 1134 868 iam
1170 821 1398 867 manibus
1425 825 1692 876 teneretur,

194 914 244 957 et
290 925 402 956 cum
447 907 671 955 consules
717 905 1083 968 provinciarum
1129 904 1355 967 pactione
1413 902 1694 950 libertatem

194 1006 389 1038 omnem
413 990 760 1052 perdidissent,
786 988 885 1050 qui,
913 1004 1024 1034 cum
1047 987 1103 1034 in
1126 992 1302 1034 senatu
1334 985 1532 1047 privati,
1558 988 1617 1031 ut
1635 983 1696 1030 de
1717 999 1758 1031 10
1800 970 1801 990 ³

194 1089 273 1119 me
287 1071 556 1119 sententias
572 1070 801 1127 dicerent,
820 1069 1127 1131 flagitabant,
1137 1067 1292 1129 legem
1312 1066 1388 1112 illi
1402 1081 1454 1112 se
1473 1064 1697 1111 Clodiam

195 1153 369 1199 timere
405 1152 667 1209 dicebant3
715 1166 827 1196 cum
865 1149 956 1196 hoc
993 1164 1095 1196 non
1135 1151 1336 1210 possent
1372 1146 1474 1192 iam
1507 1145 1698 1191 diutius

197 1233 453 1290 sustinere,
495 1232 655 1278 initur
689 1231 946 1278 consilium
984 1230 1044 1276 de
1078 1229 1290 1275 interitu
1337 1227 1426 1274 On.
1476 1226 1695 1288 Pompei.

199 1313 310 1370 Quo
343 1313 590 1376 patefacto
624 1311 851 1372 ferroque
890 1310 1191 1372 deprehenso
1214 1308 1299 1354 ille
1322 1307 1543 1354 inclusus
1566 1305 1700 1352 domi

198 1403 302 1442 tam
337 1395 424 1442 diu
459 1394 568 1452 fuit,
597 1410 745 1456 quam
781 1393 867 1438 diu
902 1391 1132 1438 inimicus
1166 1406 1305 1437 meus
1332 1390 1386 1435 in
1421 1389 1694 1435 tribunatu.
1720 1408 1759 1439 15
1797 1393 1800 1461 ff

201 1478 279 1525 De
302 1493 410 1525 meo
434 1477 598 1523 reditu
624 1484 734 1523 octo
758 1475 949 1521 tiibuni
973 1473 1426 1536 promulgaverunt.
1497 1471 1578 1517 Ex
1601 1486 1699 1532 quo

203 1555 508 1602 intellectum
541 1560 617 1601 est
656 1571 756 1601 non
794 1555 917 1602 mihi
954 1555 1146 1603 absenti
1182 1555 1388 1601 crevisse
1422 1553 1613 1611 amicos,
1650 1552 1703 1597 in

205 1653 262 1683 ea
305 1636 595 1698 praesertim
640 1636 853 1694 fortuna,
893 1637 947 1682 in
984 1653 1082 1698 qua
1098 1651 1200 1682 non
1217 1635 1344 1681 nulli
1383 1634 1546 1691 etiam,
1585 1648 1704 1694 quos

204 1732 308 1763 esse
335 1721 638 1778 putaveram,
665 1732 765 1763 non
797 1724 951 1774 erant,
978 1716 1062 1763 sed
1085 1731 1165 1762 eos
1189 1715 1494 1761 voluntatem
1516 1727 1705 1773 semper

203 1797 422 1855 eandem,
448 1797 727 1844 libertatem
748 1813 848 1843 non
873 1797 1075 1843 eandem
1099 1811 1287 1858 semper
1305 1796 1544 1843 habuisse.
1575 1794 1706 1841 Nam
1732 1811 1773 1841 20
1794 1821 1797 1852 1

205 1895 267 1925 ex
311 1894 487 1925 novem
533 1878 761 1936 tribunis,
811 1894 932 1940 quos
978 1883 1098 1924 tunc
1138 1877 1417 1935 habueram,
1457 1892 1586 1922 unus
1626 1893 1704 1921 me

204 1960 404 2007 absente
461 1959 680 2017 defluxit,
729 1959 815 2021 qui
866 1974 1128 2021 cognomen
1186 1958 1280 2004 sibi
1336 1973 1399 2003 ex
1444 1957 1701 2004 Aeliorum

204 2040 500 2102 imaginibus
523 2041 754 2103 adripuit,
776 2056 872 2102 quo
889 2039 1042 2101 magis
1067 2038 1280 2085 nationis
1304 2038 1406 2084 eius
1431 2053 1533 2083 esse
1556 2053 1702 2099 quam

118 2121 178 2169 '70
202 2121 392 2183 generis
444 2121 707 2168 videretur.
798 2121 909 2167 Hoc
954 2120 1107 2182 igitur
1157 2122 1286 2165 anno
1337 2117 1703 2179 magistratibus

209 2203 345 2250 novis
363 2203 641 2264 designatis,
659 2219 769 2249 cum
794 2218 959 2248 omnes
982 2201 1098 2247 boni
1116 2215 1309 2246 omnem
1332 2214 1466 2261 spem
1490 2198 1705 2245 melioris
1731 2212 1771 2246 25

207 2285 365 2329 status
394 2282 449 2328 in
481 2298 647 2329 eorum
679 2282 824 2328 fidem
854 2281 1222 2334 convertissent,
1247 2279 1470 2341 princeps
1498 2278 1552 2325 P.
1582 2278 1703 2324 Len-

209 2363 341 2410 tulus
375 2364 669 2410 auctoritate
702 2379 758 2409 ac
793 2363 1035 2409 sententia
1071 2378 1171 2418 sua,
1198 2361 1376 2407 Pisone
1410 2366 1460 2407 et
1492 2359 1702 2406 Gabinio

208 2444 605 2506 repugnantibus,
632 2460 826 2490 causam
851 2443 1062 2504 suscepit
1085 2441 1393 2502 tribunisque
1415 2440 1571 2502 plebis
1593 2447 1701 2486 octo
1767 2486 1769 2489 .

202 2525 523 2573 referentibus
546 2525 1013 2587 praestantissimam
1038 2524 1097 2570 de
1126 2539 1203 2569 me
1231 2522 1526 2568 sententiam
1549 2521 1693 2567 dixit.

202 2606 303 2662 Qui
331 2621 442 2653 cum
472 2606 534 2652 ad
563 2605 768 2667 gloriam
796 2620 935 2651 suam
965 2608 1113 2666 atque
1144 2604 1206 2649 ad
1239 2601 1527 2664 amplissimi
1565 2602 1703 2647 bene-
1729 2615 1773 2647 3⁰

210 2686 306 2732 ficii
351 2685 560 2748 gratiam
605 2685 757 2746 magis
802 2684 1046 2746 pertinere
1085 2683 1275 2729 videret
1328 2696 1522 2728 causam
1565 2681 1701 2726 illam

210 2767 451 2830 integram
490 2766 552 2814 ad
590 2782 731 2813 suum
766 2765 1070 2812 consulatum
1111 2762 1361 2819 reservari,
1400 2767 1566 2808 tamen
1597 2777 1700 2808 rem

1789 2027 1794 2074 h
