1812 2950
177 131 240 178 44
542 131 614 180 M.
668 129 883 178 TULLI
924 128 1304 179 CICERONIS

177 276 240 319 se,
268 258 310 306 si
342 259 559 307 moribus
591 265 769 323 ageret,
795 275 963 322 parem
997 275 1099 306 esse
1131 275 1231 306 non
1261 275 1429 321 posse:
1464 260 1527 306 ad
1557 259 1676 306 coti-

177 341 373 388 dianam
407 340 618 401 caedem,
644 341 885 400 incendia,
911 341 1108 404 rapinas
1136 357 1187 388 se
1210 357 1320 388 cum
1344 341 1566 388 exercitu
1589 356 1678 387 suo

177 421 417 481 contulit;
459 421 658 468 domum
694 437 993 484 oppugnare,
1030 422 1292 468 itineribus
1327 437 1589 480 occurrere,
1625 422 1679 467 vi

176 502 411 549 lacessere
426 507 477 549 et
490 507 674 549 terrere
691 502 864 565 coepit.
921 502 1039 549 Non
1054 502 1212 549 movit
1227 502 1475 548 hominem
1488 516 1680 548 summa

178 582 423 645 gravitate
454 598 742 645 summaque
774 583 1080 642 constantia3
1117 582 1200 629 sed
1224 598 1521 644 quamquam
1543 581 1682 629 dolor
1702 597 1724 629 5

179 661 346 720 animi,
389 661 562 708 innata
608 662 824 722 libertas,
866 667 1096 724 prompta
1142 661 1481 723 excellensque
1521 660 1683 707 virtus

178 740 501 788 fortissimum
533 741 697 787 virum
731 742 1036 800 hortabatur,
1064 741 1117 787 vi
1146 741 1249 787 vim
1284 741 1514 799 oblatam,
1546 755 1681 802 prae-

180 820 351 868 sertim
366 820 573 883 saepius,
582 825 641 867 ut
655 820 906 884 frangeret
920 827 970 868 et
983 820 1241 880 refutaret,
1253 825 1398 867 tanta
1411 819 1685 866 moderatio

180 903 278 949 fuit
305 902 532 962 hominis,
560 907 758 949 tantum
787 903 1062 963 consilium,
1087 907 1147 949 ut
1171 902 1448 950 contineret
1469 902 1685 949 dolorem

181 998 340 1044 neque
374 982 544 1029 eadem
579 998 630 1029 se
665 999 718 1029 re
753 983 1086 1042 ulcisceretur,
1124 999 1223 1046 qua
1258 988 1383 1030 esset
1416 983 1683 1041 lacessituS‚
1709 1004 1749 1036 10

182 1065 265 1111 sed
289 1064 432 1111 illum
455 1069 533 1111 tot
555 1064 655 1110 iam
676 1065 730 1111 in
748 1065 1004 1112 funeribus
1021 1065 1094 1113 rei
1111 1066 1336 1128 publicae
1354 1066 1687 1112 exsultantem

183 1161 237 1191 ac
261 1143 622 1207 tripudiantem
645 1144 823 1206 legum,
845 1144 887 1191 si
910 1149 1086 1207 posset,
1108 1145 1295 1207 laqueis
1313 1146 1682 1207 constringeret.

98 1225 159 1272 89
184 1225 454 1272 Descendit
477 1225 539 1272 ad
562 1226 906 1274 accusandum.
977 1226 1102 1283 Quis
1119 1242 1355 1288 umquam
1371 1230 1476 1273 tam
1493 1225 1689 1287 proprie

183 1307 256 1353 rei
290 1306 516 1368 publicae
551 1321 708 1365 causa,
746 1306 898 1353 nullis
932 1305 1221 1365 inimicitiis,
1255 1305 1407 1352 nullis
1441 1305 1685 1368 praemiis,

184 1386 324 1434 nulla
346 1385 604 1432 hominum
629 1387 962 1448 postulatione
986 1393 1074 1434 aut
1093 1387 1242 1434 etiam
1261 1387 1490 1449 opinione
1507 1387 1558 1432 id
1577 1402 1688 1433 eum
1713 1403 1753 1436 15

186 1482 420 1528 umquam
430 1481 533 1512 esse
543 1465 815 1513 facturum?
842 1466 1008 1513 Fracti
1023 1472 1167 1513 erant
1180 1467 1335 1514 animi
1348 1467 1560 1513 hominis
1569 1484 1582 1526 3
1601 1466 1691 1512 hoc
1789 1450 1801 1510 3?

187 1546 320 1593 enim
353 1549 614 1592 accusante
637 1546 836 1608 pristini
859 1546 995 1592 illius
1023 1547 1100 1593 sui
1130 1547 1301 1594 iudicii
1329 1547 1693 1610 turpitudinem

188 1628 491 1691 desperabat.
565 1626 693 1674 Ecce
715 1626 811 1674 tibi
833 1627 1017 1686 consul,
1046 1634 1255 1689 praetor,
1282 1629 1514 1675 tribunus
1538 1627 1694 1690 plebis

188 1724 319 1755 nova
342 1708 462 1755 novi
493 1708 687 1770 generis
719 1708 878 1755 edicta
907 1714 1203 1771 proponunt,
1229 1725 1292 1755 ne
1323 1726 1434 1756 reus
1464 1709 1608 1768 adsit,
1633 1724 1696 1755 ne

189 1790 382 1849 citetur,
414 1804 477 1835 ne
505 1794 785 1851 quaeratur,
816 1805 879 1835 116
908 1789 1212 1836 mentionem
1239 1790 1440 1836 omnino
1468 1789 1695 1851 cuiquam
1717 1803 1758 1837 20

190 1870 408 1918 iudicum
433 1875 520 1915 aut
544 1869 839 1916 iudiciorum
863 1869 1023 1917 facere
1045 1869 1215 1916 liceat!
1275 1869 1407 1927 Quid
1429 1875 1596 1932 ageret
1618 1869 1697 1916 vir

192 1951 255 1997 ad
271 1949 526 2008 virtutem,
550 1949 862 2011 dignitatem,
881 1950 1088 2012 gloriam
1111 1955 1259 1997 natus
1276 1949 1329 1995 vi
1351 1949 1698 1996 sceleratorum

192 2033 448 2080 hominum
495 2033 830 2091 conroborata,
881 2033 1072 2094 legibus
1121 2032 1412 2095 iudiciisque
1456 2031 1699 2078 sublatis?

195 2112 422 2162 Cervices
453 2113 687 2160 tribunus
717 2113 876 2175 plebis
906 2112 1117 2174 privato,
1144 2111 1595 2174 praestantissimus
1621 2110 1701 2156 vir

194 2194 590 2258 profligatissimo
637 2194 828 2240 homini
875 2194 1029 2252 daret,
1073 2209 1138 2239 an
1184 2208 1379 2239 causam
1425 2199 1700 2255 susceptam
1722 2203 1762 2235 25

196 2275 424 2334 abiceret,
479 2291 544 2321 an
593 2291 643 2322 se
692 2274 826 2322 domi
877 2274 1189 2322 contineret‘l
1255 2279 1306 2320 et
1362 2273 1496 2319 vinci
1557 2279 1702 2335 turpe

196 2356 396 2420 putavit
435 2361 486 2402 et
521 2357 760 2403 deterreri
799 2361 852 2403 et
890 2356 1046 2402 latere
1058 2371 1072 2415 3
1115 2355 1321 2418 perfecit
1359 2361 1430 2415 ut,
1470 2356 1702 2417 quoniam

199 2436 295 2484 sibi
318 2436 372 2482 in
404 2435 548 2482 illum
582 2436 772 2498 legibus
808 2436 886 2482 uti
919 2451 1020 2482 non
1054 2435 1235 2492 liceret,
1262 2435 1396 2481 illius
1418 2434 1522 2480 vim
1544 2450 1704 2497 neque

198 2516 255 2563 in
278 2532 366 2564 suo
389 2531 549 2577 neque
570 2514 625 2562 in
648 2516 721 2562 rei
744 2515 970 2577 publicae
993 2515 1209 2577 periculo
1232 2514 1610 2576 pertimesceret.

118 2604 181 2654 90
303 2596 476 2644 XLII.
550 2596 658 2653 Quo
694 2596 838 2642 modo
873 2596 1027 2658 igitur
1060 2595 1152 2642 hoc
1182 2595 1237 2641 in
1266 2610 1442 2657 genere
1473 2595 1705 2657 praesidii
1726 2609 1768 2641 ³0
1810 2579 1812 2585 Ι

204 2678 473 2742 comparati
490 2693 686 2725 accusas
711 2677 942 2735 Sestium,
959 2692 1072 2724 cum
1088 2675 1220 2723 idem
1243 2675 1411 2723 laudes
1436 2676 1703 2723 Milonem?
1792 2673 1805 2756 ᾗ

209 2761 296 2804 An
326 2758 414 2818 qui
449 2773 536 2804 sua
570 2762 702 2803 tecta
736 2756 970 2815 defendit,
1005 2755 1091 2818 qui
1124 2756 1187 2802 ab
1221 2756 1330 2813 aris,
1366 2754 1488 2802 focis
1521 2755 1704 2802 sermm
