<?xml version="1.0" encoding="UTF-8"?>
<!DOCTYPE html PUBLIC "-//W3C//DTD XHTML 1.0 Transitional//EN"
    "http://www.w3.org/TR/xhtml1/DTD/xhtml1-transitional.dtd">
<html xmlns="http://www.w3.org/1999/xhtml" xml:lang="en" lang="en">
 <head>
  <title>
</title>
<meta http-equiv="Content-Type" content="text/html;charset=utf-8" />
  <meta name='ocr-system' content='tesseract 3.04.00' />
  <meta name='ocr-capabilities' content='ocr_page ocr_carea ocr_par ocr_line ocrx_word'/>
</head>
<body>
  <div class='ocr_page' id='page_1' title='image "./propubliosestioo00ciceuoft/propubliosestioo00ciceuoft_0161.png"; bbox 0 0 1812 2950; ppageno 0'>
   <div class='ocr_carea' id='block_1_1' title="bbox 0 67 36 2950">
    <p class='ocr_par' dir='ltr' id='par_1_1' title="bbox 0 67 36 2950">
     <span class='ocr_line' id='line_1_1' title="bbox 0 67 36 2950; baseline 0 0"><span class='ocrx_word' id='word_1_1' title='bbox 0 67 36 2950; x_wconf 95' lang='lat' dir='ltr'><em> </em></span> 
     </span>
    </p>
   </div>
   <div class='ocr_carea' id='block_1_2' title="bbox 765 128 1628 179">
    <p class='ocr_par' dir='ltr' id='par_1_2' title="bbox 765 128 1628 179">
     <span class='ocr_line' id='line_1_2' title="bbox 765 128 1628 179; baseline 0.002 -2"><span class='ocrx_word' id='word_1_2' title='bbox 765 128 996 179; x_wconf 74' lang='lat' dir='ltr'><em>NOTES</em></span> <span class='ocrx_word' id='word_1_3' title='bbox 1534 128 1628 179; x_wconf 90' lang='grc'><em>127</em></span> 
     </span>
    </p>
   </div>
   <div class='ocr_carea' id='block_1_3' title="bbox 127 258 1629 409">
    <p class='ocr_par' dir='ltr' id='par_1_3' title="bbox 127 258 1629 409">
     <span class='ocr_line' id='line_1_3' title="bbox 128 258 1629 311; baseline 0.001 -11"><span class='ocrx_word' id='word_1_4' title='bbox 128 261 151 310; x_wconf 91' lang='lat'>5</span> <span class='ocrx_word' id='word_1_5' title='bbox 171 260 222 300; x_wconf 88' lang='grc'><em>14</em></span> <span class='ocrx_word' id='word_1_6' title='bbox 240 259 270 301; x_wconf 89' lang='grc'><strong>1.</strong></span> <span class='ocrx_word' id='word_1_7' title='bbox 291 262 331 309; x_wconf 91' lang='grc'><em>7,</em></span> <span class='ocrx_word' id='word_1_8' title='bbox 351 271 412 300; x_wconf 90' lang='lat' dir='ltr'><em>or.</em></span> <span class='ocrx_word' id='word_1_9' title='bbox 431 271 474 311; x_wconf 92' lang='lat' dir='ltr'><em>p.</em></span> <span class='ocrx_word' id='word_1_10' title='bbox 494 259 641 300; x_wconf 85' lang='lat' dir='ltr'><em>Plane.</em></span> <span class='ocrx_word' id='word_1_11' title='bbox 670 261 692 310; x_wconf 89' lang='lat'>5</span> <span class='ocrx_word' id='word_1_12' title='bbox 722 260 772 301; x_wconf 86' lang='lat'><em>29</em></span> <span class='ocrx_word' id='word_1_13' title='bbox 797 258 827 299; x_wconf 92' lang='lat'><em>1.</em></span> <span class='ocrx_word' id='word_1_14' title='bbox 855 259 919 301; x_wconf 88' lang='grc'><em>12.</em></span> <span class='ocrx_word' id='word_1_15' title='bbox 1069 259 1366 310; x_wconf 72' lang='lat' dir='ltr'><strong>abstinenter]</strong></span> <span class='ocrx_word' id='word_1_16' title='bbox 1395 259 1507 310; x_wconf 89' lang='lat' dir='ltr'><em>quod</em></span> <span class='ocrx_word' id='word_1_17' title='bbox 1539 271 1629 301; x_wconf 87' lang='lat' dir='ltr'><em>non</em></span> 
     </span>
     <span class='ocr_line' id='line_1_4' title="bbox 127 312 1623 367; baseline 0.002 -13"><span class='ocrx_word' id='word_1_18' title='bbox 127 315 295 354; x_wconf 87' lang='lat' dir='ltr'><em>lucrum</em></span> <span class='ocrx_word' id='word_1_19' title='bbox 325 315 521 367; x_wconf 85' lang='lat' dir='ltr'><em>captarat</em></span> <span class='ocrx_word' id='word_1_20' title='bbox 556 316 632 355; x_wconf 88' lang='lat' dir='ltr'><em>aut</em></span> <span class='ocrx_word' id='word_1_21' title='bbox 677 313 861 354; x_wconf 80' lang='lat' dir='ltr'><em>aliorum</em></span> <span class='ocrx_word' id='word_1_22' title='bbox 907 314 1021 356; x_wconf 83' lang='lat' dir='ltr'><em>bona</em></span> <span class='ocrx_word' id='word_1_23' title='bbox 1066 312 1300 365; x_wconf 86' lang='lat' dir='ltr'><em>invaserat,</em></span> <span class='ocrx_word' id='word_1_24' title='bbox 1340 315 1389 354; x_wconf 89' lang='lat' dir='ltr'><em>ut</em></span> <span class='ocrx_word' id='word_1_25' title='bbox 1435 313 1623 358; x_wconf 79' lang='lat' dir='ltr'><em>clodius,</em></span> 
     </span>
     <span class='ocr_line' id='line_1_5' title="bbox 128 379 329 409; baseline -0.005 0"><span class='ocrx_word' id='word_1_26' title='bbox 128 379 329 409; x_wconf 65' lang='lat' dir='ltr'><em>sannen.</em></span> 
     </span>
    </p>
   </div>
   <div class='ocr_carea' id='block_1_4' title="bbox 208 450 1142 584">
    <p class='ocr_par' dir='ltr' id='par_1_4' title="bbox 208 450 1142 584">
     <span class='ocr_line' id='line_1_6' title="bbox 208 450 1142 503; baseline 0 -11"><span class='ocrx_word' id='word_1_27' title='bbox 208 451 239 492; x_wconf 89' lang='lat'><em>1.</em></span> <span class='ocrx_word' id='word_1_28' title='bbox 259 453 298 495; x_wconf 90' lang='grc'><em>9.</em></span> <span class='ocrx_word' id='word_1_29' title='bbox 356 455 510 503; x_wconf 74' lang='lat' dir='ltr'><em>victor,</em></span> <span class='ocrx_word' id='word_1_30' title='bbox 550 451 609 491; x_wconf 84' lang='lat' dir='ltr'><em>‘if</em></span> <span class='ocrx_word' id='word_1_31' title='bbox 623 450 889 501; x_wconf 88' lang='lat' dir='ltr'><em>conqueror‚’</em></span> <span class='ocrx_word' id='word_1_32' title='bbox 910 453 931 501; x_wconf 86' lang='lat'>5</span> <span class='ocrx_word' id='word_1_33' title='bbox 954 451 1005 492; x_wconf 84' lang='lat'><em>28</em></span> <span class='ocrx_word' id='word_1_34' title='bbox 1023 450 1054 492; x_wconf 88' lang='lat'><em>1.</em></span> <span class='ocrx_word' id='word_1_35' title='bbox 1074 451 1142 492; x_wconf 83' lang='lat'><em>22.</em></span> 
     </span>
     <span class='ocr_line' id='line_1_7' title="bbox 208 531 957 584; baseline 0.003 -11"><span class='ocrx_word' id='word_1_36' title='bbox 208 534 230 582; x_wconf 87' lang='lat'>5</span> <span class='ocrx_word' id='word_1_37' title='bbox 250 537 312 580; x_wconf 85' lang='lat'><em>38,</em></span> <span class='ocrx_word' id='word_1_38' title='bbox 332 531 359 572; x_wconf 90' lang='lat' dir='ltr'><em>l.</em></span> <span class='ocrx_word' id='word_1_39' title='bbox 382 532 448 572; x_wconf 85' lang='lat'><em>12.</em></span> <span class='ocrx_word' id='word_1_40' title='bbox 503 531 697 584; x_wconf 78' lang='lat' dir='ltr'><em>proprie]</em></span> <span class='ocrx_word' id='word_1_41' title='bbox 726 532 818 581; x_wconf 88' lang='lat'><em>537</em></span> <span class='ocrx_word' id='word_1_42' title='bbox 838 531 866 573; x_wconf 93' lang='lat' dir='ltr'><em>l.</em></span> <span class='ocrx_word' id='word_1_43' title='bbox 893 532 957 575; x_wconf 86' lang='lat'><em>28.</em></span> 
     </span>
    </p>
   </div>
   <div class='ocr_carea' id='block_1_5' title="bbox 129 613 1627 722">
    <p class='ocr_par' dir='ltr' id='par_1_5' title="bbox 129 613 1627 722">
     <span class='ocr_line' id='line_1_8' title="bbox 211 613 1627 667; baseline 0 -13"><span class='ocrx_word' id='word_1_44' title='bbox 211 614 241 656; x_wconf 90' lang='lat'><em>1.</em></span> <span class='ocrx_word' id='word_1_45' title='bbox 267 615 332 656; x_wconf 92' lang='lat'><em>13.</em></span> <span class='ocrx_word' id='word_1_46' title='bbox 388 616 494 667; x_wconf 83' lang='lat' dir='ltr'><em>dux]</em></span> <span class='ocrx_word' id='word_1_47' title='bbox 522 627 583 656; x_wconf 90' lang='lat' dir='ltr'><em>we</em></span> <span class='ocrx_word' id='word_1_48' title='bbox 602 616 719 656; x_wconf 87' lang='lat' dir='ltr'><em>must</em></span> <span class='ocrx_word' id='word_1_49' title='bbox 743 613 1012 655; x_wconf 84' lang='lat' dir='ltr'><em>understand</em></span> <span class='ocrx_word' id='word_1_50' title='bbox 1039 616 1087 655; x_wconf 84' lang='lat' dir='ltr'><em>in</em></span> <span class='ocrx_word' id='word_1_51' title='bbox 1120 615 1268 666; x_wconf 83' lang='lat' dir='ltr'><em>quibus</em></span> <span class='ocrx_word' id='word_1_52' title='bbox 1297 615 1489 665; x_wconf 75' lang='lat' dir='ltr'><em>yerendis</em></span> <span class='ocrx_word' id='word_1_53' title='bbox 1517 613 1627 654; x_wconf 87' lang='lat' dir='ltr'><em>from</em></span> 
     </span>
     <span class='ocr_line' id='line_1_9' title="bbox 129 682 319 722; baseline 0.005 -13"><span class='ocrx_word' id='word_1_54' title='bbox 129 682 319 722; x_wconf 80' lang='lat' dir='ltr'><em>quarum.</em></span> 
     </span>
    </p>
   </div>
   <div class='ocr_carea' id='block_1_6' title="bbox 125 750 1630 1184">
    <p class='ocr_par' dir='ltr' id='par_1_6' title="bbox 125 750 1630 1184">
     <span class='ocr_line' id='line_1_10' title="bbox 210 750 1626 803; baseline -0.001 -9"><span class='ocrx_word' id='word_1_55' title='bbox 210 754 240 794; x_wconf 91' lang='lat'><em>1.</em></span> <span class='ocrx_word' id='word_1_56' title='bbox 263 755 327 796; x_wconf 87' lang='lat'><em>17.</em></span> <span class='ocrx_word' id='word_1_57' title='bbox 366 756 607 803; x_wconf 85' lang='lat' dir='ltr'><em>praestare,</em></span> <span class='ocrx_word' id='word_1_58' title='bbox 634 754 702 793; x_wconf 90' lang='lat' dir='ltr'><em>‘to</em></span> <span class='ocrx_word' id='word_1_59' title='bbox 721 751 982 803; x_wconf 84' lang='lat' dir='ltr'><em>guarantee,’</em></span> <span class='ocrx_word' id='word_1_60' title='bbox 999 755 1009 774; x_wconf 90' lang='lat'>‘</span> <span class='ocrx_word' id='word_1_61' title='bbox 1025 753 1072 792; x_wconf 89' lang='lat' dir='ltr'><em>to</em></span> <span class='ocrx_word' id='word_1_62' title='bbox 1091 751 1189 791; x_wconf 85' lang='lat' dir='ltr'><em>take</em></span> <span class='ocrx_word' id='word_1_63' title='bbox 1208 750 1282 792; x_wconf 90' lang='lat' dir='ltr'><em>the</em></span> <span class='ocrx_word' id='word_1_64' title='bbox 1301 750 1626 803; x_wconf 85' lang='lat' dir='ltr'><em>responsibility</em></span> 
     </span>
     <span class='ocr_line' id='line_1_11' title="bbox 130 807 1628 858; baseline -0.002 -9"><span class='ocrx_word' id='word_1_65' title='bbox 130 808 201 850; x_wconf 84' lang='lat' dir='ltr'><em>of.&#39;</em></span> <span class='ocrx_word' id='word_1_66' title='bbox 230 809 294 848; x_wconf 84' lang='lat' dir='ltr'><em>Cf.</em></span> <span class='ocrx_word' id='word_1_67' title='bbox 314 808 446 848; x_wconf 83' lang='lat' dir='ltr'>below</span> <span class='ocrx_word' id='word_1_68' title='bbox 460 811 481 858; x_wconf 98' lang='lat'>5</span> <span class='ocrx_word' id='word_1_69' title='bbox 493 808 546 847; x_wconf 89' lang='lat'><em>43</em></span> <span class='ocrx_word' id='word_1_70' title='bbox 563 807 593 847; x_wconf 92' lang='lat' dir='ltr'><em>l.</em></span> <span class='ocrx_word' id='word_1_71' title='bbox 613 807 651 857; x_wconf 86' lang='lat'><em>5,</em></span> <span class='ocrx_word' id='word_1_72' title='bbox 676 808 764 856; x_wconf 85' lang='lat'><em>561</em></span> <span class='ocrx_word' id='word_1_73' title='bbox 783 807 813 846; x_wconf 92' lang='lat'><em>1.</em></span> <span class='ocrx_word' id='word_1_74' title='bbox 835 808 887 847; x_wconf 86' lang='lat'><em>29</em></span> <span class='ocrx_word' id='word_1_75' title='bbox 907 808 1026 847; x_wconf 88' lang='lat' dir='ltr'><em>cuius</em></span> <span class='ocrx_word' id='word_1_76' title='bbox 1044 808 1254 846; x_wconf 88' lang='lat' dir='ltr'><em>invidiam</em></span> <span class='ocrx_word' id='word_1_77' title='bbox 1272 808 1426 857; x_wconf 85' lang='lat' dir='ltr'><em>capitis</em></span> <span class='ocrx_word' id='word_1_78' title='bbox 1438 808 1628 857; x_wconf 82' lang='lat' dir='ltr'><em>periculo</em></span> 
     </span>
     <span class='ocr_line' id='line_1_12' title="bbox 132 860 1630 914; baseline -0.002 -12"><span class='ocrx_word' id='word_1_79' title='bbox 132 862 578 914; x_wconf 85' lang='lat' dir='ltr'><em>sibipraestandam</em></span> <span class='ocrx_word' id='word_1_80' title='bbox 596 862 777 909; x_wconf 84' lang='lat' dir='ltr'><em>videbat,</em></span> <span class='ocrx_word' id='word_1_81' title='bbox 798 860 850 901; x_wconf 90' lang='lat' dir='ltr'><em>de</em></span> <span class='ocrx_word' id='word_1_82' title='bbox 868 873 929 900; x_wconf 88' lang='lat' dir='ltr'><em>or.</em></span> <span class='ocrx_word' id='word_1_83' title='bbox 950 862 1002 909; x_wconf 84' lang='lat'>15</span> <span class='ocrx_word' id='word_1_84' title='bbox 1022 860 1072 899; x_wconf 93' lang='grc'><em>11</em></span> <span class='ocrx_word' id='word_1_85' title='bbox 1104 862 1128 900; x_wconf 88' lang='lat'><strong>3</strong></span> <span class='ocrx_word' id='word_1_86' title='bbox 1153 861 1280 900; x_wconf 84' lang='lat' dir='ltr'><em>istam</em></span> <span class='ocrx_word' id='word_1_87' title='bbox 1307 862 1484 911; x_wconf 83' lang='lat' dir='ltr'><em>culpam,</em></span> <span class='ocrx_word' id='word_1_88' title='bbox 1508 874 1630 912; x_wconf 81' lang='lat' dir='ltr'><em>quam</em></span> 
     </span>
     <span class='ocr_line' id='line_1_13' title="bbox 133 914 1627 966; baseline -0.001 -9"><span class='ocrx_word' id='word_1_89' title='bbox 133 918 299 964; x_wconf 74' lang='lat' dir='ltr'><em>vereris,</em></span> <span class='ocrx_word' id='word_1_90' title='bbox 323 929 395 966; x_wconf 72' lang='lat' dir='ltr'><em>eqo</em></span> <span class='ocrx_word' id='word_1_91' title='bbox 408 916 688 966; x_wconf 74' lang='lat' dir='ltr'><em>praestabo,</em></span> <span class='ocrx_word' id='word_1_92' title='bbox 708 914 847 955; x_wconf 85' lang='lat' dir='ltr'>where</span> <span class='ocrx_word' id='word_1_93' title='bbox 874 926 944 954; x_wconf 90' lang='lat' dir='ltr'><em>see</em></span> <span class='ocrx_word' id='word_1_94' title='bbox 972 914 1086 954; x_wconf 81' lang='lat' dir='ltr'><em>Prof.</em></span> <span class='ocrx_word' id='word_1_95' title='bbox 1109 914 1308 955; x_wconf 88' lang='lat' dir='ltr'><em>Wilkins&#39;</em></span> <span class='ocrx_word' id='word_1_96' title='bbox 1333 916 1449 966; x_wconf 90' lang='lat' dir='ltr'><em>note,</em></span> <span class='ocrx_word' id='word_1_97' title='bbox 1480 927 1542 966; x_wconf 92' lang='lat' dir='ltr'><em>ep.</em></span> <span class='ocrx_word' id='word_1_98' title='bbox 1571 915 1627 955; x_wconf 84' lang='lat' dir='ltr'><em>ad</em></span> 
     </span>
     <span class='ocr_line' id='line_1_14' title="bbox 131 968 1629 1020; baseline -0.001 -10"><span class='ocrx_word' id='word_1_99' title='bbox 131 970 210 1020; x_wconf 80' lang='lat' dir='ltr'><em>Qu.</em></span> <span class='ocrx_word' id='word_1_100' title='bbox 252 971 301 1012; x_wconf 87' lang='lat' dir='ltr'><em>fr.</em></span> <span class='ocrx_word' id='word_1_101' title='bbox 336 981 367 1017; x_wconf 94' lang='lat'><em>1,</em></span> <span class='ocrx_word' id='word_1_102' title='bbox 395 981 431 1010; x_wconf 85' lang='lat' dir='ltr'><em>e.</em></span> <span class='ocrx_word' id='word_1_103' title='bbox 463 970 490 1008; x_wconf 87' lang='lat'>4</span> <span class='ocrx_word' id='word_1_104' title='bbox 514 971 535 1019; x_wconf 93' lang='lat'>5</span> <span class='ocrx_word' id='word_1_105' title='bbox 566 970 617 1008; x_wconf 92' lang='grc'><em>12</em></span> <span class='ocrx_word' id='word_1_106' title='bbox 643 970 788 1009; x_wconf 87' lang='lat' dir='ltr'><em>horum</em></span> <span class='ocrx_word' id='word_1_107' title='bbox 818 982 901 1009; x_wconf 86' lang='lat' dir='ltr'><em>non</em></span> <span class='ocrx_word' id='word_1_108' title='bbox 931 970 1049 1008; x_wconf 89' lang='lat' dir='ltr'><em>modo</em></span> <span class='ocrx_word' id='word_1_109' title='bbox 1077 968 1218 1019; x_wconf 86' lang='lat' dir='ltr'><em>sacta,</em></span> <span class='ocrx_word' id='word_1_110' title='bbox 1255 969 1327 1008; x_wconf 83' lang='lat' dir='ltr'><em>sed</em></span> <span class='ocrx_word' id='word_1_111' title='bbox 1354 970 1484 1009; x_wconf 84' lang='lat' dir='ltr'><em>etiam</em></span> <span class='ocrx_word' id='word_1_112' title='bbox 1511 970 1629 1010; x_wconf 89' lang='lat' dir='ltr'><em>dicta</em></span> 
     </span>
     <span class='ocr_line' id='line_1_15' title="bbox 130 1022 1629 1076; baseline -0.001 -12"><span class='ocrx_word' id='word_1_113' title='bbox 130 1026 282 1072; x_wconf 89' lang='lat' dir='ltr'><em>omnia,</em></span> <span class='ocrx_word' id='word_1_114' title='bbox 304 1025 611 1076; x_wconf 84' lang='lat' dir='ltr'><em>praestanda</em></span> <span class='ocrx_word' id='word_1_115' title='bbox 637 1025 755 1064; x_wconf 82' lang='lat' dir='ltr'><em>nobis</em></span> <span class='ocrx_word' id='word_1_116' title='bbox 774 1028 883 1073; x_wconf 87' lang='lat' dir='ltr'><em>sunt,</em></span> <span class='ocrx_word' id='word_1_117' title='bbox 915 1035 975 1064; x_wconf 87' lang='lat' dir='ltr'><em>or.</em></span> <span class='ocrx_word' id='word_1_118' title='bbox 1000 1022 1047 1062; x_wconf 92' lang='lat' dir='ltr'><em>in</em></span> <span class='ocrx_word' id='word_1_119' title='bbox 1066 1023 1160 1062; x_wconf 85' lang='lat' dir='ltr'><em>Cat.</em></span> <span class='ocrx_word' id='word_1_120' title='bbox 1180 1034 1226 1062; x_wconf 74' lang='grc' dir='ltr'><strong><em>Π</em></strong></span> <span class='ocrx_word' id='word_1_121' title='bbox 1243 1025 1265 1073; x_wconf 90' lang='lat'>5</span> <span class='ocrx_word' id='word_1_122' title='bbox 1285 1023 1337 1062; x_wconf 84' lang='lat'><em>24</em></span> <span class='ocrx_word' id='word_1_123' title='bbox 1358 1024 1521 1063; x_wconf 82' lang='lat' dir='ltr'><em>habetis</em></span> <span class='ocrx_word' id='word_1_124' title='bbox 1537 1036 1629 1063; x_wconf 86' lang='lat' dir='ltr'><em>eum</em></span> 
     </span>
     <span class='ocr_line' id='line_1_16' title="bbox 129 1078 1628 1130; baseline 0 -12"><span class='ocrx_word' id='word_1_125' title='bbox 129 1081 334 1118; x_wconf 81' lang='lat' dir='ltr'><em>consulem</em></span> <span class='ocrx_word' id='word_1_126' title='bbox 360 1079 436 1130; x_wconf 81' lang='lat' dir='ltr'><em>qui</em></span> <span class='ocrx_word' id='word_1_127' title='bbox 458 1090 541 1119; x_wconf 90' lang='lat' dir='ltr'><em>..ea</em></span> <span class='ocrx_word' id='word_1_128' title='bbox 573 1090 680 1129; x_wconf 79' lang='lat' dir='ltr'><em>quae</em></span> <span class='ocrx_word' id='word_1_129' title='bbox 705 1078 1215 1128; x_wconf 85' lang='lat' dir='ltr'><em>statueritis...defendere</em></span> <span class='ocrx_word' id='word_1_130' title='bbox 1246 1083 1287 1117; x_wconf 90' lang='lat' dir='ltr'><em>et</em></span> <span class='ocrx_word' id='word_1_131' title='bbox 1309 1089 1389 1129; x_wconf 88' lang='lat' dir='ltr'><em>per</em></span> <span class='ocrx_word' id='word_1_132' title='bbox 1416 1090 1458 1118; x_wconf 86' lang='lat' dir='ltr'><em>se</em></span> <span class='ocrx_word' id='word_1_133' title='bbox 1489 1079 1628 1130; x_wconf 85' lang='lat' dir='ltr'><em>ipsum</em></span> 
     </span>
     <span class='ocr_line' id='line_1_17' title="bbox 125 1131 1259 1184; baseline -0.001 -11"><span class='ocrx_word' id='word_1_134' title='bbox 125 1138 385 1184; x_wconf 85' lang='lat' dir='ltr'><em>praestare</em></span> <span class='ocrx_word' id='word_1_135' title='bbox 397 1133 545 1184; x_wconf 82' lang='lat' dir='ltr'><em>possit.</em></span> <span class='ocrx_word' id='word_1_136' title='bbox 603 1132 682 1174; x_wconf 83' lang='lat' dir='ltr'><em>See</em></span> <span class='ocrx_word' id='word_1_137' title='bbox 701 1131 872 1183; x_wconf 83' lang='lat' dir='ltr'>Madvig</span> <span class='ocrx_word' id='word_1_138' title='bbox 893 1132 1048 1182; x_wconf 86' lang='lat' dir='ltr'><em>Opuse.</em></span> <span class='ocrx_word' id='word_1_139' title='bbox 1070 1143 1087 1171; x_wconf 96' lang='lat'>1</span> <span class='ocrx_word' id='word_1_140' title='bbox 1104 1143 1148 1182; x_wconf 89' lang='lat' dir='ltr'><em>p.</em></span> <span class='ocrx_word' id='word_1_141' title='bbox 1166 1132 1259 1172; x_wconf 89' lang='lat'><em>151.</em></span> 
     </span>
    </p>
   </div>
   <div class='ocr_carea' id='block_1_7' title="bbox 653 1320 1073 1382">
    <p class='ocr_par' dir='ltr' id='par_1_7' title="bbox 653 1320 1073 1382">
     <span class='ocr_line' id='line_1_18' title="bbox 653 1320 1073 1382; baseline -0.005 -20"><span class='ocrx_word' id='word_1_142' title='bbox 653 1320 922 1362; x_wconf 81' lang='lat' dir='ltr'><strong>CHAPTER</strong></span> <span class='ocrx_word' id='word_1_143' title='bbox 949 1320 1073 1382; x_wconf 69' lang='lat' dir='ltr'><em>xm</em></span> 
     </span>
    </p>
   </div>
   <div class='ocr_carea' id='block_1_8' title="bbox 131 1416 1629 1741">
    <p class='ocr_par' dir='ltr' id='par_1_8' title="bbox 131 1416 1629 1741">
     <span class='ocr_line' id='line_1_19' title="bbox 211 1416 1626 1470; baseline -0.002 -10"><span class='ocrx_word' id='word_1_144' title='bbox 211 1420 240 1462; x_wconf 89' lang='lat'><em>1.</em></span> <span class='ocrx_word' id='word_1_145' title='bbox 262 1420 325 1462; x_wconf 89' lang='lat'><em>19.</em></span> <span class='ocrx_word' id='word_1_146' title='bbox 386 1420 546 1470; x_wconf 80' lang='lat' dir='ltr'><em>operis]</em></span> <span class='ocrx_word' id='word_1_147' title='bbox 567 1417 990 1470; x_wconf 80' lang='lat' dir='ltr'><em>operae=operarii</em></span> <span class='ocrx_word' id='word_1_148' title='bbox 1007 1417 1055 1459; x_wconf 88' lang='lat' dir='ltr'><em>in</em></span> <span class='ocrx_word' id='word_1_149' title='bbox 1074 1417 1148 1458; x_wconf 91' lang='lat' dir='ltr'><em>the</em></span> <span class='ocrx_word' id='word_1_150' title='bbox 1163 1430 1286 1459; x_wconf 86' lang='lat' dir='ltr'><em>sense</em></span> <span class='ocrx_word' id='word_1_151' title='bbox 1306 1418 1353 1458; x_wconf 87' lang='lat' dir='ltr'><em>of</em></span> <span class='ocrx_word' id='word_1_152' title='bbox 1367 1423 1376 1441; x_wconf 90' lang='lat'>‘</span> <span class='ocrx_word' id='word_1_153' title='bbox 1389 1416 1626 1469; x_wconf 84' lang='lat' dir='ltr'><em>hirelings,’</em></span> 
     </span>
     <span class='ocr_line' id='line_1_20' title="bbox 133 1472 1629 1524; baseline -0.003 -9"><span class='ocrx_word' id='word_1_154' title='bbox 133 1473 280 1515; x_wconf 84' lang='lat' dir='ltr'>‘hired</span> <span class='ocrx_word' id='word_1_155' title='bbox 298 1473 519 1524; x_wconf 80' lang='lat' dir='ltr'><em>abettorS‚’</em></span> <span class='ocrx_word' id='word_1_156' title='bbox 544 1473 583 1513; x_wconf 89' lang='lat' dir='ltr'><em>is</em></span> <span class='ocrx_word' id='word_1_157' title='bbox 601 1475 678 1513; x_wconf 92' lang='lat' dir='ltr'><em>not</em></span> <span class='ocrx_word' id='word_1_158' title='bbox 703 1472 947 1523; x_wconf 82' lang='lat' dir='ltr'><em>infrequent</em></span> <span class='ocrx_word' id='word_1_159' title='bbox 973 1472 1021 1513; x_wconf 90' lang='lat' dir='ltr'><em>in</em></span> <span class='ocrx_word' id='word_1_160' title='bbox 1041 1473 1144 1520; x_wconf 67' lang='lat' dir='ltr'><em>Cic„</em></span> <span class='ocrx_word' id='word_1_161' title='bbox 1173 1485 1234 1513; x_wconf 92' lang='lat' dir='ltr'><em>or.</em></span> <span class='ocrx_word' id='word_1_162' title='bbox 1260 1472 1372 1512; x_wconf 89' lang='lat' dir='ltr'><em>Phil.</em></span> <span class='ocrx_word' id='word_1_163' title='bbox 1405 1485 1422 1511; x_wconf 94' lang='lat'><strong>1</strong></span> <span class='ocrx_word' id='word_1_164' title='bbox 1449 1475 1469 1523; x_wconf 98' lang='lat'>5</span> <span class='ocrx_word' id='word_1_165' title='bbox 1502 1474 1553 1511; x_wconf 87' lang='lat'><em>12</em></span> <span class='ocrx_word' id='word_1_166' title='bbox 1580 1478 1629 1512; x_wconf 86' lang='lat' dir='ltr'><em>ut</em></span> 
     </span>
     <span class='ocr_line' id='line_1_21' title="bbox 131 1525 1627 1578; baseline -0.002 -9"><span class='ocrx_word' id='word_1_167' title='bbox 131 1531 268 1569; x_wconf 83' lang='lat' dir='ltr'><em>dicere</em></span> <span class='ocrx_word' id='word_1_168' title='bbox 295 1529 466 1568; x_wconf 79' lang='lat' dir='ltr'><em>auderet</em></span> <span class='ocrx_word' id='word_1_169' title='bbox 490 1540 533 1568; x_wconf 84' lang='lat' dir='ltr'><em>se</em></span> <span class='ocrx_word' id='word_1_170' title='bbox 559 1528 745 1578; x_wconf 82' lang='lat' dir='ltr'><em>publicis</em></span> <span class='ocrx_word' id='word_1_171' title='bbox 778 1530 942 1578; x_wconf 85' lang='lat' dir='ltr'><em>operis</em></span> <span class='ocrx_word' id='word_1_172' title='bbox 977 1528 1537 1573; x_wconf 83' lang='lat' dir='ltr'><em>disturbaturum...d0mum‚</em></span> <span class='ocrx_word' id='word_1_173' title='bbox 1567 1525 1627 1566; x_wconf 92' lang='lat' dir='ltr'><em>ib.</em></span> 
     </span>
     <span class='ocr_line' id='line_1_22' title="bbox 132 1579 1628 1634; baseline -0.001 -12"><span class='ocrx_word' id='word_1_174' title='bbox 132 1586 154 1634; x_wconf 93' lang='lat'>5</span> <span class='ocrx_word' id='word_1_175' title='bbox 173 1584 226 1621; x_wconf 88' lang='grc'><em>22</em></span> <span class='ocrx_word' id='word_1_176' title='bbox 244 1588 292 1622; x_wconf 89' lang='lat' dir='ltr'><em>ut</em></span> <span class='ocrx_word' id='word_1_177' title='bbox 309 1584 395 1633; x_wconf 85' lang='lat' dir='ltr'><em>ipse</em></span> <span class='ocrx_word' id='word_1_178' title='bbox 415 1583 472 1621; x_wconf 91' lang='lat' dir='ltr'><em>ad</em></span> <span class='ocrx_word' id='word_1_179' title='bbox 491 1594 665 1632; x_wconf 78' lang='lat' dir='ltr'><em>operas</em></span> <span class='ocrx_word' id='word_1_180' title='bbox 684 1584 989 1621; x_wconf 84' lang='lat' dir='ltr'><em>mercennarias</em></span> <span class='ocrx_word' id='word_1_181' title='bbox 1013 1582 1159 1621; x_wconf 84' lang='lat' dir='ltr'><em>statim</em></span> <span class='ocrx_word' id='word_1_182' title='bbox 1171 1583 1463 1632; x_wconf 79' lang='lat' dir='ltr'><em>protrahatur,</em></span> <span class='ocrx_word' id='word_1_183' title='bbox 1483 1593 1547 1632; x_wconf 88' lang='lat' dir='ltr'><em>ep.</em></span> <span class='ocrx_word' id='word_1_184' title='bbox 1572 1579 1628 1621; x_wconf 85' lang='lat' dir='ltr'><em>ad</em></span> 
     </span>
     <span class='ocr_line' id='line_1_23' title="bbox 131 1634 1627 1687; baseline -0.001 -11"><span class='ocrx_word' id='word_1_185' title='bbox 131 1638 222 1676; x_wconf 89' lang='lat' dir='ltr'><em>Att.</em></span> <span class='ocrx_word' id='word_1_186' title='bbox 242 1648 287 1676; x_wconf 87' lang='lat' dir='ltr'><em>rv</em></span> <span class='ocrx_word' id='word_1_187' title='bbox 306 1637 345 1686; x_wconf 90' lang='lat'><em>3,</em></span> <span class='ocrx_word' id='word_1_188' title='bbox 368 1637 393 1675; x_wconf 89' lang='lat'><strong>3</strong></span> <span class='ocrx_word' id='word_1_189' title='bbox 413 1636 549 1685; x_wconf 86' lang='lat' dir='ltr'><em>facile</em></span> <span class='ocrx_word' id='word_1_190' title='bbox 580 1648 750 1687; x_wconf 85' lang='lat' dir='ltr'><em>operas</em></span> <span class='ocrx_word' id='word_1_191' title='bbox 779 1636 905 1675; x_wconf 83' lang='lat' dir='ltr'><em>aditu</em></span> <span class='ocrx_word' id='word_1_192' title='bbox 925 1637 1242 1686; x_wconf 82' lang='lat' dir='ltr'><em>prohibuerunt,</em></span> <span class='ocrx_word' id='word_1_193' title='bbox 1265 1635 1396 1675; x_wconf 82' lang='lat' dir='ltr'><em>above</em></span> <span class='ocrx_word' id='word_1_194' title='bbox 1423 1638 1445 1685; x_wconf 88' lang='lat'>5</span> <span class='ocrx_word' id='word_1_195' title='bbox 1466 1634 1566 1674; x_wconf 83' lang='lat'><strong>181.</strong></span> <span class='ocrx_word' id='word_1_196' title='bbox 1589 1635 1627 1683; x_wconf 93' lang='lat'><em>1,</em></span> 
     </span>
     <span class='ocr_line' id='line_1_24' title="bbox 132 1690 1610 1741; baseline 0 -11"><span class='ocrx_word' id='word_1_197' title='bbox 132 1694 155 1741; x_wconf 88' lang='lat'>5</span> <span class='ocrx_word' id='word_1_198' title='bbox 175 1693 226 1730; x_wconf 90' lang='grc'><em>28</em></span> <span class='ocrx_word' id='word_1_199' title='bbox 243 1691 274 1730; x_wconf 90' lang='lat' dir='ltr'><em>l.</em></span> <span class='ocrx_word' id='word_1_200' title='bbox 295 1691 361 1738; x_wconf 88' lang='lat'><em>30,</em></span> <span class='ocrx_word' id='word_1_201' title='bbox 382 1690 489 1730; x_wconf 91' lang='lat' dir='ltr'><em>Hor.</em></span> <span class='ocrx_word' id='word_1_202' title='bbox 511 1690 598 1731; x_wconf 86' lang='lat' dir='ltr'><em>Sat.</em></span> <span class='ocrx_word' id='word_1_203' title='bbox 624 1701 661 1729; x_wconf 91' lang='lat'><em>11</em></span> <span class='ocrx_word' id='word_1_204' title='bbox 681 1691 718 1740; x_wconf 89' lang='lat'><em>7,</em></span> <span class='ocrx_word' id='word_1_205' title='bbox 743 1690 822 1730; x_wconf 85' lang='lat'><em>118</em></span> <span class='ocrx_word' id='word_1_206' title='bbox 837 1690 1003 1730; x_wconf 77' lang='lat' dir='ltr'><em>accedes</em></span> <span class='ocrx_word' id='word_1_207' title='bbox 1023 1702 1171 1741; x_wconf 85' lang='lat' dir='ltr'><em>opera</em></span> <span class='ocrx_word' id='word_1_208' title='bbox 1188 1702 1289 1741; x_wconf 73' lang='lat' dir='ltr'><em>aqro</em></span> <span class='ocrx_word' id='word_1_209' title='bbox 1306 1702 1416 1730; x_wconf 87' lang='lat' dir='ltr'><em>nona</em></span> <span class='ocrx_word' id='word_1_210' title='bbox 1437 1690 1610 1731; x_wconf 86' lang='lat' dir='ltr'><em>Sabino.</em></span> 
     </span>
    </p>
   </div>
   <div class='ocr_carea' id='block_1_9' title="bbox 132 1776 1630 2046">
    <p class='ocr_par' dir='ltr' id='par_1_9' title="bbox 132 1776 1630 2046">
     <span class='ocr_line' id='line_1_25' title="bbox 213 1776 1628 1829; baseline 0 -10"><span class='ocrx_word' id='word_1_211' title='bbox 213 1779 243 1819; x_wconf 93' lang='lat'><em>1.</em></span> <span class='ocrx_word' id='word_1_212' title='bbox 263 1779 330 1819; x_wconf 85' lang='lat'><em>21.</em></span> <span class='ocrx_word' id='word_1_213' title='bbox 381 1783 606 1829; x_wconf 84' lang='lat' dir='ltr'><em>terrorem,</em></span> <span class='ocrx_word' id='word_1_214' title='bbox 636 1777 793 1829; x_wconf 79' lang='lat' dir='ltr'><em>‘object</em></span> <span class='ocrx_word' id='word_1_215' title='bbox 818 1777 865 1817; x_wconf 85' lang='lat' dir='ltr'><em>of</em></span> <span class='ocrx_word' id='word_1_216' title='bbox 889 1776 1010 1827; x_wconf 86' lang='lat' dir='ltr'><em>fear‚’</em></span> <span class='ocrx_word' id='word_1_217' title='bbox 1034 1789 1152 1817; x_wconf 91' lang='lat' dir='ltr'><em>more</em></span> <span class='ocrx_word' id='word_1_218' title='bbox 1174 1777 1416 1828; x_wconf 80' lang='lat' dir='ltr'><em>frequently</em></span> <span class='ocrx_word' id='word_1_219' title='bbox 1445 1778 1550 1818; x_wconf 83' lang='lat' dir='ltr'><em>used</em></span> <span class='ocrx_word' id='word_1_220' title='bbox 1580 1778 1628 1819; x_wconf 91' lang='lat' dir='ltr'><em>in</em></span> 
     </span>
     <span class='ocr_line' id='line_1_26' title="bbox 133 1831 1628 1885; baseline 0 -12"><span class='ocrx_word' id='word_1_221' title='bbox 133 1833 208 1874; x_wconf 89' lang='lat' dir='ltr'><em>the</em></span> <span class='ocrx_word' id='word_1_222' title='bbox 234 1832 376 1885; x_wconf 87' lang='lat' dir='ltr'><em>plural</em></span> <span class='ocrx_word' id='word_1_223' title='bbox 400 1833 446 1872; x_wconf 90' lang='lat' dir='ltr'><em>in</em></span> <span class='ocrx_word' id='word_1_224' title='bbox 471 1833 560 1872; x_wconf 87' lang='lat' dir='ltr'><em>this</em></span> <span class='ocrx_word' id='word_1_225' title='bbox 592 1845 715 1872; x_wconf 85' lang='lat' dir='ltr'><em>sense</em></span> <span class='ocrx_word' id='word_1_226' title='bbox 739 1845 786 1871; x_wconf 85' lang='lat' dir='ltr'><em>as</em></span> <span class='ocrx_word' id='word_1_227' title='bbox 808 1831 855 1871; x_wconf 90' lang='lat' dir='ltr'><em>in</em></span> <span class='ocrx_word' id='word_1_228' title='bbox 876 1831 963 1871; x_wconf 84' lang='lat' dir='ltr'><em>Cio.</em></span> <span class='ocrx_word' id='word_1_229' title='bbox 984 1831 1034 1871; x_wconf 91' lang='lat' dir='ltr'><em>de</em></span> <span class='ocrx_word' id='word_1_230' title='bbox 1053 1844 1140 1882; x_wconf 87' lang='lat' dir='ltr'><em>rep.</em></span> <span class='ocrx_word' id='word_1_231' title='bbox 1162 1843 1178 1870; x_wconf 94' lang='lat'>1</span> <span class='ocrx_word' id='word_1_232' title='bbox 1198 1834 1219 1881; x_wconf 92' lang='lat'>5</span> <span class='ocrx_word' id='word_1_233' title='bbox 1240 1832 1290 1874; x_wconf 87' lang='grc'><strong>71</strong></span> <span class='ocrx_word' id='word_1_234' title='bbox 1320 1833 1475 1872; x_wconf 87' lang='lat' dir='ltr'><em>duobus</em></span> <span class='ocrx_word' id='word_1_235' title='bbox 1505 1834 1628 1873; x_wconf 82' lang='lat' dir='ltr'><em>huius</em></span> 
     </span>
     <span class='ocr_line' id='line_1_27' title="bbox 132 1885 1628 1938; baseline -0.001 -10"><span class='ocrx_word' id='word_1_236' title='bbox 132 1890 247 1928; x_wconf 87' lang='lat' dir='ltr'><em>urbis</em></span> <span class='ocrx_word' id='word_1_237' title='bbox 277 1889 550 1927; x_wconf 83' lang='lat' dir='ltr'><em>terroribus</em></span> <span class='ocrx_word' id='word_1_238' title='bbox 578 1887 774 1938; x_wconf 77' lang='lat' dir='ltr'><em>depulsis,</em></span> <span class='ocrx_word' id='word_1_239' title='bbox 806 1885 911 1925; x_wconf 87' lang='lat' dir='ltr'><em>Vell.</em></span> <span class='ocrx_word' id='word_1_240' title='bbox 942 1886 1107 1925; x_wconf 85' lang='lat' dir='ltr'><em>Patere.</em></span> <span class='ocrx_word' id='word_1_241' title='bbox 1136 1897 1172 1925; x_wconf 93' lang='lat'><em>11</em></span> <span class='ocrx_word' id='word_1_242' title='bbox 1199 1887 1239 1935; x_wconf 89' lang='lat'><em>4,</em></span> <span class='ocrx_word' id='word_1_243' title='bbox 1264 1887 1288 1926; x_wconf 88' lang='lat'><strong><em>5</em></strong></span> <span class='ocrx_word' id='word_1_244' title='bbox 1321 1891 1494 1926; x_wconf 87' lang='lat' dir='ltr'><em>terrores</em></span> <span class='ocrx_word' id='word_1_245' title='bbox 1521 1889 1628 1938; x_wconf 89' lang='lat' dir='ltr'><em>reip.</em></span> 
     </span>
     <span class='ocr_line' id='line_1_28' title="bbox 135 1939 1630 1996; baseline 0.001 -15"><span class='ocrx_word' id='word_1_246' title='bbox 135 1941 366 1996; x_wconf 84' lang='lat' dir='ltr'><em>(Carthago</em></span> <span class='ocrx_word' id='word_1_247' title='bbox 402 1943 445 1982; x_wconf 90' lang='lat' dir='ltr'><em>et</em></span> <span class='ocrx_word' id='word_1_248' title='bbox 477 1940 745 1992; x_wconf 81' lang='lat' dir='ltr'><em>Numantia).</em></span> <span class='ocrx_word' id='word_1_249' title='bbox 801 1939 866 1980; x_wconf 85' lang='lat' dir='ltr'><em>Cf.</em></span> <span class='ocrx_word' id='word_1_250' title='bbox 892 1940 1039 1980; x_wconf 70' lang='lat' dir='ltr'><em>sustin</em></span> <span class='ocrx_word' id='word_1_251' title='bbox 1064 1952 1119 1980; x_wconf 95' lang='lat'><em>111</em></span> <span class='ocrx_word' id='word_1_252' title='bbox 1151 1941 1188 1990; x_wconf 91' lang='lat'><em>1,</em></span> <span class='ocrx_word' id='word_1_253' title='bbox 1219 1942 1243 1980; x_wconf 94' lang='lat'><strong>1</strong></span> <span class='ocrx_word' id='word_1_254' title='bbox 1267 1941 1439 1990; x_wconf 80' lang='lat' dir='ltr'><em>Xerxes,</em></span> <span class='ocrx_word' id='word_1_255' title='bbox 1468 1947 1630 1983; x_wconf 88' lang='lat' dir='ltr'><em>terror</em></span> 
     </span>
     <span class='ocr_line' id='line_1_29' title="bbox 133 1997 476 2046; baseline 0 -10"><span class='ocrx_word' id='word_1_256' title='bbox 133 2003 260 2036; x_wconf 80' lang='lat' dir='ltr'><em>antea</em></span> <span class='ocrx_word' id='word_1_257' title='bbox 277 1997 476 2046; x_wconf 67' lang='lat' dir='ltr'><em>gentium.</em></span> 
     </span>
    </p>
   </div>
   <div class='ocr_carea' id='block_1_10' title="bbox 127 2078 1631 2563">
    <p class='ocr_par' dir='ltr' id='par_1_10' title="bbox 127 2078 1631 2563">
     <span class='ocr_line' id='line_1_30' title="bbox 212 2078 1628 2132; baseline 0.003 -14"><span class='ocrx_word' id='word_1_258' title='bbox 212 2078 240 2121; x_wconf 90' lang='lat'><em>1.</em></span> <span class='ocrx_word' id='word_1_259' title='bbox 266 2079 332 2120; x_wconf 88' lang='grc'><em>22.</em></span> <span class='ocrx_word' id='word_1_260' title='bbox 408 2082 495 2119; x_wconf 84' lang='lat' dir='ltr'><em>duo</em></span> <span class='ocrx_word' id='word_1_261' title='bbox 512 2082 767 2128; x_wconf 77' lang='lat' dir='ltr'><em>importuna</em></span> <span class='ocrx_word' id='word_1_262' title='bbox 783 2082 1000 2128; x_wconf 74' lang='lat' dir='ltr'><em>prodigia,</em></span> <span class='ocrx_word' id='word_1_263' title='bbox 1018 2079 1144 2131; x_wconf 86' lang='lat' dir='ltr'><em>quos]</em></span> <span class='ocrx_word' id='word_1_264' title='bbox 1170 2078 1233 2121; x_wconf 79' lang='lat' dir='ltr'><em>Of.</em></span> <span class='ocrx_word' id='word_1_265' title='bbox 1252 2078 1340 2119; x_wconf 84' lang='lat' dir='ltr'><em>Cic.</em></span> <span class='ocrx_word' id='word_1_266' title='bbox 1360 2091 1426 2132; x_wconf 84' lang='lat' dir='ltr'><em>ep.</em></span> <span class='ocrx_word' id='word_1_267' title='bbox 1451 2079 1505 2120; x_wconf 89' lang='lat' dir='ltr'><em>ad</em></span> <span class='ocrx_word' id='word_1_268' title='bbox 1524 2080 1628 2122; x_wconf 84' lang='lat' dir='ltr'><em>fam.</em></span> 
     </span>
     <span class='ocr_line' id='line_1_31' title="bbox 133 2134 1629 2186; baseline 0.003 -14"><span class='ocrx_word' id='word_1_269' title='bbox 133 2135 172 2183; x_wconf 88' lang='lat'><em>9,</em></span> <span class='ocrx_word' id='word_1_270' title='bbox 201 2134 251 2174; x_wconf 93' lang='lat'><em>15</em></span> <span class='ocrx_word' id='word_1_271' title='bbox 264 2135 446 2184; x_wconf 88' lang='lat' dir='ltr'><em>primum</em></span> <span class='ocrx_word' id='word_1_272' title='bbox 474 2134 555 2173; x_wconf 82' lang='lat' dir='ltr'><em>illa</em></span> <span class='ocrx_word' id='word_1_273' title='bbox 575 2135 723 2185; x_wconf 86' lang='lat' dir='ltr'><em>furia</em></span> <span class='ocrx_word' id='word_1_274' title='bbox 741 2135 1006 2173; x_wconf 79' lang='lat' dir='ltr'><em>muliebrium</em></span> <span class='ocrx_word' id='word_1_275' title='bbox 1038 2135 1256 2184; x_wconf 72' lang='lat' dir='ltr'><em>ieqionum,</em></span> <span class='ocrx_word' id='word_1_276' title='bbox 1281 2136 1365 2184; x_wconf 83' lang='lat' dir='ltr'><em>qui</em></span> <span class='ocrx_word' id='word_1_277' title='bbox 1393 2147 1477 2174; x_wconf 86' lang='lat' dir='ltr'><em>non</em></span> <span class='ocrx_word' id='word_1_278' title='bbox 1488 2137 1629 2186; x_wconf 82' lang='lat' dir='ltr'><em>pluris</em></span> 
     </span>
     <span class='ocr_line' id='line_1_32' title="bbox 129 2188 1631 2239; baseline 0.001 -12"><span class='ocrx_word' id='word_1_279' title='bbox 129 2188 288 2239; x_wconf 79' lang='lat' dir='ltr'><em>fecerat</em></span> <span class='ocrx_word' id='word_1_280' title='bbox 303 2189 485 2228; x_wconf 80' lang='lat' dir='ltr'><em>Bonam</em></span> <span class='ocrx_word' id='word_1_281' title='bbox 497 2189 538 2227; x_wconf 92' lang='lat' dir='ltr'><em>D</em></span> <span class='ocrx_word' id='word_1_282' title='bbox 548 2200 653 2228; x_wconf 88' lang='lat' dir='ltr'><em>eam</em></span> <span class='ocrx_word' id='word_1_283' title='bbox 667 2201 790 2239; x_wconf 81' lang='lat' dir='ltr'><em>quam</em></span> <span class='ocrx_word' id='word_1_284' title='bbox 806 2193 886 2228; x_wconf 85' lang='lat' dir='ltr'><em>tres</em></span> <span class='ocrx_word' id='word_1_285' title='bbox 901 2200 1069 2235; x_wconf 84' lang='lat' dir='ltr'><em>sorores,</em></span> <span class='ocrx_word' id='word_1_286' title='bbox 1085 2189 1377 2238; x_wconf 83' lang='lat' dir='ltr'><em>impunitatem</em></span> <span class='ocrx_word' id='word_1_287' title='bbox 1391 2195 1450 2229; x_wconf 88' lang='lat' dir='ltr'><em>est</em></span> <span class='ocrx_word' id='word_1_288' title='bbox 1461 2191 1631 2230; x_wconf 87' lang='lat' dir='ltr'><em>illorum</em></span> 
     </span>
     <span class='ocr_line' id='line_1_33' title="bbox 133 2242 1630 2294; baseline 0.002 -13"><span class='ocrx_word' id='word_1_289' title='bbox 133 2242 348 2281; x_wconf 79' lang='lat' dir='ltr'><em>sententiis</em></span> <span class='ocrx_word' id='word_1_290' title='bbox 375 2242 606 2292; x_wconf 88' lang='lat' dir='ltr'><em>adsecutus,</em></span> <span class='ocrx_word' id='word_1_291' title='bbox 642 2243 720 2292; x_wconf 91' lang='lat' dir='ltr'><em>[or.</em></span> <span class='ocrx_word' id='word_1_292' title='bbox 743 2242 862 2282; x_wconf 86' lang='lat' dir='ltr'><em>Verr.</em></span> <span class='ocrx_word' id='word_1_293' title='bbox 887 2253 923 2280; x_wconf 91' lang='lat'><em>11</em></span> <span class='ocrx_word' id='word_1_294' title='bbox 942 2244 964 2291; x_wconf 89' lang='lat'>5</span> <span class='ocrx_word' id='word_1_295' title='bbox 985 2243 1036 2284; x_wconf 86' lang='lat'><em>79</em></span> <span class='ocrx_word' id='word_1_296' title='bbox 1055 2248 1277 2282; x_wconf 84' lang='lat' dir='ltr'><em>monstrum</em></span> <span class='ocrx_word' id='word_1_297' title='bbox 1293 2248 1369 2282; x_wconf 89' lang='lat' dir='ltr'><em>aut</em></span> <span class='ocrx_word' id='word_1_298' title='bbox 1389 2245 1630 2294; x_wconf 73' lang='lat' dir='ltr'><em>prodiyium</em></span> 
     </span>
     <span class='ocr_line' id='line_1_34' title="bbox 134 2294 1629 2347; baseline 0.003 -13"><span class='ocrx_word' id='word_1_299' title='bbox 134 2297 233 2346; x_wconf 81' lang='lat' dir='ltr'><em>qui,</em></span> <span class='ocrx_word' id='word_1_300' title='bbox 253 2294 346 2334; x_wconf 88' lang='lat' dir='ltr'><em>Liv.</em></span> <span class='ocrx_word' id='word_1_301' title='bbox 365 2307 394 2334; x_wconf 89' lang='lat' dir='ltr'><strong>x</strong></span> <span class='ocrx_word' id='word_1_302' title='bbox 420 2296 458 2345; x_wconf 90' lang='lat'><em>1,</em></span> <span class='ocrx_word' id='word_1_303' title='bbox 481 2297 506 2335; x_wconf 88' lang='lat'><strong>3</strong></span> <span class='ocrx_word' id='word_1_304' title='bbox 531 2297 674 2346; x_wconf 84' lang='lat' dir='ltr'><em>capita</em></span> <span class='ocrx_word' id='word_1_305' title='bbox 699 2297 1000 2336; x_wconf 81' lang='lat' dir='ltr'><em>coniurationis</em></span> <span class='ocrx_word' id='word_1_306' title='bbox 1029 2297 1176 2343; x_wconf 87' lang='lat' dir='ltr'><em>caesi,</em></span> <span class='ocrx_word' id='word_1_307' title='bbox 1201 2295 1308 2336; x_wconf 90' lang='lat' dir='ltr'><em>Hor.</em></span> <span class='ocrx_word' id='word_1_308' title='bbox 1335 2296 1416 2336; x_wconf 90' lang='lat' dir='ltr'><em>Od.</em></span> <span class='ocrx_word' id='word_1_309' title='bbox 1443 2309 1460 2336; x_wconf 93' lang='lat'>1</span> <span class='ocrx_word' id='word_1_310' title='bbox 1487 2299 1552 2347; x_wconf 88' lang='lat'><em>37,</em></span> <span class='ocrx_word' id='word_1_311' title='bbox 1576 2299 1629 2339; x_wconf 91' lang='grc'><em>21</em></span> 
     </span>
     <span class='ocr_line' id='line_1_35' title="bbox 127 2350 1630 2404; baseline 0.003 -16"><span class='ocrx_word' id='word_1_312' title='bbox 127 2350 267 2401; x_wconf 83' lang='lat' dir='ltr'><em>fatale</em></span> <span class='ocrx_word' id='word_1_313' title='bbox 285 2355 523 2389; x_wconf 63' lang='lat' dir='ltr'><em>monstrans</em></span> <span class='ocrx_word' id='word_1_314' title='bbox 531 2363 653 2400; x_wconf 82' lang='lat' dir='ltr'><em>quae</em></span> <span class='ocrx_word' id='word_1_315' title='bbox 680 2350 953 2401; x_wconf 85' lang='lat' dir='ltr'><em>(Cleopatra).</em></span> <span class='ocrx_word' id='word_1_316' title='bbox 1012 2350 1069 2391; x_wconf 85' lang='lat' dir='ltr'><em>So</em></span> <span class='ocrx_word' id='word_1_317' title='bbox 1087 2350 1135 2389; x_wconf 90' lang='lat' dir='ltr'><em>in</em></span> <span class='ocrx_word' id='word_1_318' title='bbox 1155 2350 1293 2390; x_wconf 86' lang='lat' dir='ltr'><em>Greek</em></span> <span class='ocrx_word' id='word_1_319' title='bbox 1311 2352 1472 2403; x_wconf 86' lang='grc' dir='ltr'>βρέφος,</span> <span class='ocrx_word' id='word_1_320' title='bbox 1496 2354 1630 2404; x_wconf 86' lang='grc' dir='ltr'>μειρά-</span> 
     </span>
     <span class='ocr_line' id='line_1_36' title="bbox 136 2402 1628 2455; baseline 0.001 -12"><span class='ocrx_word' id='word_1_321' title='bbox 136 2418 218 2443; x_wconf 86' lang='grc' dir='ltr'>κιον</span> <span class='ocrx_word' id='word_1_322' title='bbox 247 2402 333 2443; x_wconf 89' lang='lat' dir='ltr'><em>and</em></span> <span class='ocrx_word' id='word_1_323' title='bbox 359 2403 433 2443; x_wconf 90' lang='lat' dir='ltr'><em>the</em></span> <span class='ocrx_word' id='word_1_324' title='bbox 459 2402 544 2444; x_wconf 90' lang='lat' dir='ltr'><em>like</em></span> <span class='ocrx_word' id='word_1_325' title='bbox 571 2415 644 2443; x_wconf 88' lang='lat' dir='ltr'><em>are</em></span> <span class='ocrx_word' id='word_1_326' title='bbox 671 2403 790 2444; x_wconf 89' lang='lat' dir='ltr'><em>often</em></span> <span class='ocrx_word' id='word_1_327' title='bbox 819 2404 1013 2443; x_wconf 84' lang='lat' dir='ltr'><em>followed</em></span> <span class='ocrx_word' id='word_1_328' title='bbox 1039 2404 1096 2455; x_wconf 84' lang='lat' dir='ltr'><em>by</em></span> <span class='ocrx_word' id='word_1_329' title='bbox 1122 2405 1362 2444; x_wconf 81' lang='lat' dir='ltr'><em>masculine</em></span> <span class='ocrx_word' id='word_1_330' title='bbox 1386 2404 1628 2447; x_wconf 80' lang='lat' dir='ltr'><em>attributes.</em></span> 
     </span>
     <span class='ocr_line' id='line_1_37' title="bbox 134 2456 1630 2510; baseline 0.004 -15"><span class='ocrx_word' id='word_1_331' title='bbox 134 2456 224 2496; x_wconf 88' lang='lat' dir='ltr'><em>Nor</em></span> <span class='ocrx_word' id='word_1_332' title='bbox 250 2456 351 2496; x_wconf 88' lang='lat' dir='ltr'><em>does</em></span> <span class='ocrx_word' id='word_1_333' title='bbox 379 2457 568 2498; x_wconf 85' lang='lat' dir='ltr'><em>German</em></span> <span class='ocrx_word' id='word_1_334' title='bbox 596 2457 879 2510; x_wconf 83' lang='lat' dir='ltr'><em>consistently</em></span> <span class='ocrx_word' id='word_1_335' title='bbox 903 2460 1015 2499; x_wconf 87' lang='lat' dir='ltr'><em>treat</em></span> <span class='ocrx_word' id='word_1_336' title='bbox 1042 2459 1265 2507; x_wconf 74' lang='grc' dir='ltr'><em>Μᾶἀοὴεη,</em></span> <span class='ocrx_word' id='word_1_337' title='bbox 1300 2461 1414 2500; x_wconf 88' lang='lat' dir='ltr'><em>Weib</em></span> <span class='ocrx_word' id='word_1_338' title='bbox 1441 2459 1528 2499; x_wconf 89' lang='lat' dir='ltr'><em>and</em></span> <span class='ocrx_word' id='word_1_339' title='bbox 1555 2460 1630 2501; x_wconf 85' lang='lat' dir='ltr'><em>the</em></span> 
     </span>
     <span class='ocr_line' id='line_1_38' title="bbox 135 2509 725 2563; baseline 0.002 -13"><span class='ocrx_word' id='word_1_340' title='bbox 135 2509 221 2551; x_wconf 88' lang='lat' dir='ltr'><em>like</em></span> <span class='ocrx_word' id='word_1_341' title='bbox 240 2522 290 2550; x_wconf 88' lang='lat' dir='ltr'><em>as</em></span> <span class='ocrx_word' id='word_1_342' title='bbox 306 2513 495 2552; x_wconf 87' lang='lat' dir='ltr'><em>neuters.</em></span> <span class='ocrx_word' id='word_1_343' title='bbox 550 2523 583 2553; x_wconf 77' lang='lat' dir='ltr'><em>J.</em></span> <span class='ocrx_word' id='word_1_344' title='bbox 608 2524 643 2552; x_wconf 90' lang='lat' dir='ltr'><em>s.</em></span> <span class='ocrx_word' id='word_1_345' title='bbox 665 2513 725 2563; x_wconf 87' lang='lat' dir='ltr'><em>R.]</em></span> 
     </span>
    </p>
   </div>
   <div class='ocr_carea' id='block_1_11' title="bbox 137 2595 1628 2689">
    <p class='ocr_par' dir='ltr' id='par_1_11' title="bbox 137 2595 1628 2689">
     <span class='ocr_line' id='line_1_39' title="bbox 137 2595 1628 2688; baseline 0.003 -54"><span class='ocrx_word' id='word_1_346' title='bbox 137 2648 188 2688; x_wconf 50' lang='lat' dir='ltr'><em>b·</em></span> <span class='ocrx_word' id='word_1_347' title='bbox 217 2599 393 2656; x_wconf 72' lang='lat' dir='ltr'><em>egestas</em></span> <span class='ocrx_word' id='word_1_348' title='bbox 412 2596 514 2648; x_wconf 86' lang='lat' dir='ltr'><em>cet.]</em></span> <span class='ocrx_word' id='word_1_349' title='bbox 541 2595 616 2637; x_wconf 91' lang='lat' dir='ltr'><em>the</em></span> <span class='ocrx_word' id='word_1_350' title='bbox 633 2596 727 2636; x_wconf 89' lang='lat' dir='ltr'><em>first</em></span> <span class='ocrx_word' id='word_1_351' title='bbox 754 2595 877 2637; x_wconf 90' lang='lat' dir='ltr'><em>three</em></span> <span class='ocrx_word' id='word_1_352' title='bbox 904 2596 1072 2637; x_wconf 86' lang='lat' dir='ltr'><em>clauses</em></span> <span class='ocrx_word' id='word_1_353' title='bbox 1096 2596 1206 2637; x_wconf 88' lang='lat' dir='ltr'><em>refer</em></span> <span class='ocrx_word' id='word_1_354' title='bbox 1226 2595 1457 2648; x_wconf 84' lang='lat' dir='ltr'><em>especially</em></span> <span class='ocrx_word' id='word_1_355' title='bbox 1475 2599 1520 2638; x_wconf 93' lang='lat' dir='ltr'><em>to</em></span> <span class='ocrx_word' id='word_1_356' title='bbox 1541 2597 1628 2639; x_wconf 88' lang='lat' dir='ltr'><em>Ga-</em></span> 
     </span>
     <span class='ocr_line' id='line_1_40' title="bbox 175 2660 364 2689; baseline 0.005 -1"><span class='ocrx_word' id='word_1_357' title='bbox 175 2660 335 2689; x_wconf 84' lang='lat' dir='ltr'><em>1n1us.</em></span> <span class='ocrx_word' id='word_1_358' title='bbox 360 2675 364 2678; x_wconf 60' lang='grc'><strong>»</strong></span> 
     </span>
    </p>
   </div>
   <div class='ocr_carea' id='block_1_12' title="bbox 138 2730 1631 2837">
    <p class='ocr_par' dir='ltr' id='par_1_12' title="bbox 138 2730 1631 2837">
     <span class='ocr_line' id='line_1_41' title="bbox 218 2730 1631 2785; baseline 0.004 -15"><span class='ocrx_word' id='word_1_359' title='bbox 218 2730 248 2771; x_wconf 94' lang='lat'><em>1.</em></span> <span class='ocrx_word' id='word_1_360' title='bbox 261 2731 327 2771; x_wconf 87' lang='grc'><em>24.</em></span> <span class='ocrx_word' id='word_1_361' title='bbox 354 2732 681 2785; x_wconf 76' lang='lat' dir='ltr'><em>addixeratJi.q.</em></span> <span class='ocrx_word' id='word_1_362' title='bbox 694 2731 746 2772; x_wconf 91' lang='lat' dir='ltr'><em>in</em></span> <span class='ocrx_word' id='word_1_363' title='bbox 759 2731 1060 2773; x_wconf 82' lang='lat' dir='ltr'><em>servitutem</em></span> <span class='ocrx_word' id='word_1_364' title='bbox 1073 2732 1371 2783; x_wconf 84' lang='lat' dir='ltr'><em>tradiderat,</em></span> <span class='ocrx_word' id='word_1_365' title='bbox 1392 2731 1493 2773; x_wconf 86' lang='lat' dir='ltr'><em>‘had</em></span> <span class='ocrx_word' id='word_1_366' title='bbox 1504 2734 1631 2776; x_wconf 88' lang='lat' dir='ltr'><em>made</em></span> 
     </span>
     <span class='ocr_line' id='line_1_42' title="bbox 138 2785 1630 2837; baseline 0.004 -11"><span class='ocrx_word' id='word_1_367' title='bbox 138 2785 360 2837; x_wconf 83' lang='lat' dir='ltr'><em>unwilling</em></span> <span class='ocrx_word' id='word_1_368' title='bbox 377 2786 544 2830; x_wconf 62' lang='lat' dir='ltr'><em>slaves)</em></span> <span class='ocrx_word' id='word_1_369' title='bbox 608 2788 768 2828; x_wconf 81' lang='lat' dir='ltr'><em>Addico</em></span> <span class='ocrx_word' id='word_1_370' title='bbox 787 2799 874 2828; x_wconf 82' lang='lat' dir='ltr'><em>was</em></span> <span class='ocrx_word' id='word_1_371' title='bbox 893 2786 968 2827; x_wconf 88' lang='lat' dir='ltr'><em>the</em></span> <span class='ocrx_word' id='word_1_372' title='bbox 988 2786 1203 2828; x_wconf 82' lang='lat' dir='ltr'><em>technical</em></span> <span class='ocrx_word' id='word_1_373' title='bbox 1230 2786 1347 2829; x_wconf 87' lang='lat' dir='ltr'><em>word</em></span> <span class='ocrx_word' id='word_1_374' title='bbox 1374 2787 1479 2829; x_wconf 84' lang='lat' dir='ltr'><em>used</em></span> <span class='ocrx_word' id='word_1_375' title='bbox 1506 2788 1630 2832; x_wconf 87' lang='lat' dir='ltr'><em>when</em></span> 
     </span>
    </p>
   </div>
  </div>
 </body>
</html>
