1812 2950
722 135 781 184 Ν
778 134 951 185 OTES
1490 133 1585 181 145

169 268 198 308 l.
221 239 290 308 11..
345 270 446 308 fidei
469 265 687 317 publicae]
715 263 791 306 i.e.
827 274 974 314 quam
1002 273 1130 312 resp.
1163 260 1276 312 ipsa
1303 260 1586 311 praestitit,

89 321 179 363 cive
199 321 361 372 optimo
384 321 431 360 in
455 320 642 371 patriam
669 317 883 367 restituto,
909 327 1037 367 quam
1058 316 1275 356 intuentes
1297 315 1401 354 boni
1424 326 1589 365 semper

89 374 228 426 parati
246 378 371 415 erunt
390 375 441 414 de
459 373 598 424 patria
616 372 724 413 bene
741 370 1048 423 promereritcf.
1067 381 1127 411 or.
1151 381 1195 419 p.
1214 369 1360 409 Plane.
1381 371 1403 419 5
1429 369 1524 410 901.
1544 370 1584 419 8,

90 430 193 481 quid
211 435 464 480 peremptum
492 434 594 468 esset
618 438 708 467 mea
734 431 860 466 morte
898 425 946 464 id
971 424 1210 474 exemplum,
1249 423 1386 474 qualis
1413 424 1588 472 futurus

89 485 137 523 in
153 495 214 522 me
232 483 446 522 ‘retinendo
467 483 623 533 fuisset
639 485 806 520 senatus
827 479 1082 529 populusque
1108 478 1330 517 Romanus.
1352 476 1452 516 Tac.
1473 475 1585 516 Ann.

10 566 11 586 ¹
89 536 488 587 x1v48publicae
516 535 756 576 clementiae
785 533 1074 584 exemplum.
1130 541 1264 570 mn.

617 720 886 761 GHAPTER
913 719 1061 760 XXIII

170 834 272 882 551,
296 830 326 871 l.
348 830 413 871 14.
470 836 652 872 externa
679 834 795 871 bella
821 829 856 884 )(
883 830 1172 870 domesticis
1211 830 1357 869 malis:
1399 827 1452 867 cf.
1484 830 1506 878 5
1537 828 1589 868 56

12 923 15 937 ἶ
89 885 118 925 1.
141 888 178 935 7,
202 897 261 926 or.
292 885 343 925 de
370 897 432 936 pr.
456 897 572 925 cons.
591 887 613 935 5
633 885 698 932 31,
718 884 765 924 in
787 884 880 924 Cat.
906 896 942 923 11
966 886 988 934 5
1011 884 1061 923 11
1086 885 1208 924 nulla
1233 889 1293 923 est
1319 885 1437 923 natio
1467 895 1590 932 quam

13 946 15 971 ἵ
84 941 430 989 pertimescamus,
460 941 599 979 omnia
630 944 728 978 sunt
764 944 972 978 externa
1007 939 1134 978 unius
1170 939 1325 977 virtute
1397 941 1586 988 ματαία,-

14 987 15 999 ’
90 993 401 1032 domesticum
424 994 571 1032 bellum
594 997 745 1038 manet,
765 993 881 1031 intus
898 993 1082 1032 insidiae
1098 997 1196 1031 sunt
1213 993 1309 1038 etc„
1329 989 1381 1030 de
1398 990 1478 1041 leg.
1498 1002 1587 1040 agr.

14 1035 16 1079 ἶ
90 1048 146 1095 15
171 1047 222 1086 26
241 1048 401 1086 nullum
428 1051 680 1086 externum
700 1047 933 1097 periculum
952 1051 1024 1093 est,
1044 1057 1128 1086 non
1153 1057 1228 1085 rex
1252 1057 1336 1084 non
1359 1056 1457 1095 qens
1480 1045 1587 1090 ulla,

89 1112 172 1140 non
205 1101 323 1140 natio
352 1101 680 1150 pertimescenda
715 1105 775 1139 est
789 1114 802 1140 .·
840 1101 1045 1139 inclusum
1072 1100 1239 1145 malum,
1268 1099 1510 1138 intestinum
1539 1110 1590 1137 ac

91 1154 398 1193 domesticum
429 1159 502 1200 est,
532 1165 592 1195 or.
626 1165 669 1204 p.
703 1153 815 1192 Mur.
844 1156 865 1202 5
894 1154 958 1195 78.
1098 1156 1312 1201 gentium,
1340 1152 1589 1202 nationum]

16 1219 17 1224 ¹
88 1219 185 1257 qens
211 1206 250 1246 is
275 1219 300 1246 a
325 1206 482 1246 ‘stock’
509 1219 556 1245 or
583 1208 716 1246 ‘race'
736 1211 782 1247 to
809 1206 951 1246 which
970 1207 1129 1247 several
1146 1208 1336 1247 nationes
1355 1205 1429 1246 i.e.
1453 1211 1588 1256 ‘sepa-

89 1263 180 1301 rate
199 1260 347 1300 tribes’
367 1273 415 1299 or
432 1260 627 1311 political
646 1262 891 1312 aggregates
910 1273 1011 1312 may
1028 1260 1198 1310 belong.

168 1344 198 1384 l.
220 1345 285 1384 15.
340 1348 393 1385 ut
421 1348 646 1392 praeclare
672 1355 771 1386 cum
807 1348 863 1386 ns
890 1355 1089 1392 agamus,
1130 1343 1251 1383 ‘that
1278 1355 1340 1383 we
1368 1342 1464 1383 deal
1495 1342 1589 1382 well

18 1394 19 1397 ’
89 1397 191 1438 with
208 1398 360 1445 those,’
383 1403 392 1421 ‘
408 1400 519 1438 treat
538 1398 658 1438 them
681 1399 805 1445 well,’
825 1398 879 1437 cf.
900 1398 1010 1437 Phil.
1031 1409 1103 1437 xrv
1120 1401 1142 1448 5
1161 1398 1215 1437 30
1230 1399 1365 1449 facile
1390 1403 1450 1437 est
1475 1398 1589 1437 bene

18 1444 19 1498 s
90 1464 233 1502 aqere
265 1465 367 1492 cum
397 1453 475 1499 his,
508 1452 600 1493 Val.
626 1452 738 1492 MaX.
765 1465 792 1492 v
816 1454 855 1499 3,
876 1454 900 1491 3
929 1453 1042 1492 bene
1078 1453 1294 1502 eyissent
1321 1453 1589 1491 Athenienses

19 1506 20 1514 ¹
89 1518 191 1546 cum
216 1507 469 1546 Miltiade.
526 1505 618 1545 The
636 1506 802 1556 passive
821 1505 1140 1556 impersonalis
1158 1517 1278 1544 more
1298 1505 1497 1555 frequent
1525 1517 1587 1544 or.

20 1575 21 1578 ¹
88 1559 135 1598 in
153 1559 269 1599 Verr.
291 1572 306 1597 1
329 1562 350 1608 5
371 1560 395 1599 9
419 1555 637 1610 praeclare
654 1561 861 1600 nobiseum
888 1565 1049 1600 actum
1074 1560 1163 1607 iri,
1189 1561 1286 1610 1115
1305 1560 1357 1599 50
1376 1560 1588 1610 intelleqet

88 1626 220 1654 secum
246 1620 407 1654 actum
432 1625 533 1654 esse
552 1625 751 1665 pessume.

168 1698 197 1738 1.
221 1698 286 1740 16.
347 1702 548 1747 denique,
580 1703 590 1722 ‘
606 1697 654 1737 in
674 1710 700 1738 a
716 1697 861 1745 word‚’
889 1703 898 1721 ‘
914 1696 962 1737 in
981 1697 1098 1744 fact,'
1119 1697 1239 1737 often
1258 1709 1305 1738 so
1324 1696 1431 1737 used
1449 1697 1496 1736 in
1514 1696 1589 1736 the

22 1787 23 1791 ,
90 1752 243 1792 second
259 1753 449 1792 member
467 1752 514 1792 of
541 1764 567 1791 a
595 1751 756 1802 period,
778 1764 826 1792 as
846 1751 930 1791 div.
950 1751 999 1791 in
1019 1751 1140 1792 Caec.
1161 1754 1183 1802 5
1203 1751 1269 1799 58,
1297 1763 1357 1793 or.
1388 1750 1436 1791 in
1469 1751 1587 1791 Verr.

21 1832 23 1848 1
87 1817 106 1845 1
123 1808 146 1856 5
165 1806 256 1854 149,
277 1818 313 1845 11
332 1808 354 1856 5
374 1807 467 1853 167,
488 1817 543 1845 111
561 1808 582 1856 5
602 1806 668 1852 31,
689 1818 717 1845 v
735 1808 757 1855 5
777 1807 827 1846 69
847 1809 924 1848 etc.
977 1807 1176 1856 pacatos]
1198 1817 1267 1845 see
1285 1805 1394 1845 Add.
1414 1816 1456 1855 p.
1479 1806 1574 1846 279.

22 1915 25 1923 ,
166 1888 195 1930 1.
221 1889 286 1931 17.
342 1900 429 1930 non
464 1892 557 1929 fere
595 1899 860 1937 quemquam
880 1907 917 1922 =
936 1899 1037 1927 non
1074 1886 1226 1927 facile
1265 1898 1585 1936 quemquam,

23 1951 25 1966 ²
90 1941 265 1993 ‘hardly
289 1954 374 1994 any
393 1945 519 1990 one3'
550 1955 610 1981 or.
629 1955 670 1993 p.
696 1942 807 1982 Mur.
832 1946 853 1992 5
887 1943 938 1983 13
967 1954 1082 1982 nemo
1109 1943 1221 1994 sere
1251 1943 1383 1981 saltat
1414 1942 1587 1987 sobrius,

88 1995 212 2036 Tusc.
226 1996 333 2047 disp.
349 2008 385 2035 11
403 1999 425 2045 5
445 1998 470 2036 8
488 1997 718 2047 Epicurum
735 2001 1021 2037 autem...non
1034 1997 1144 2047 fere
1161 2001 1332 2046 praeter
1347 2007 1441 2035 suos
1460 1996 1588 2046 quis-

87 2062 229 2101 quam
250 2052 299 2089 in
321 2063 467 2089 manus
490 2051 628 2097 sumit,
649 2062 666 2088 1
686 2052 707 2099 5
728 2050 780 2089 38
797 2051 1002 2090 ‘rationem
1024 2051 1095 2089 illi
1118 2050 1347 2089 sententiae
1370 2060 1470 2088 suae
1495 2061 1586 2088 non

26 2144 27 2153 ¹
78 2105 189 2157 sere
219 2105 458 2144 reddebant.
519 2103 598 2143 See
630 2103 763 2142 Hand
795 2103 974 2144 Tursell.
1004 2115 1040 2142 11
1066 2115 1107 2153 p.
1131 2103 1222 2144 695.
1367 2107 1587 2143 est...con-

86 2158 252 2207 secuta]
283 2157 378 2198 Ter.
412 2157 582 2198 Phorm.
617 2169 645 2196 v
675 2157 714 2204 1,
744 2158 796 2196 23
824 2163 1025 2198 matrem
1052 2159 1210 2209 ipsam
1240 2168 1297 2197 ex
1326 2157 1589 2207 aeyritudine

26 2226 28 2243 ῑ
87 2212 276 2250 miseram
301 2223 408 2250 mors
436 2216 699 2251 consecuta
726 2216 813 2251 est.

166 2294 196 2334 l.
218 2295 283 2334 18.
339 2295 606 2345 domesticis]
634 2296 656 2343 5
676 2293 726 2334 56
746 2293 775 2332 1.
798 2295 838 2335 7.
932 2292 1122 2342 invitua]
1145 2292 1157 2312 ‘
1172 2289 1357 2340 hatred,’
1378 2292 1390 2311 ‘
1405 2289 1587 2330 dislike.'

166 2374 195 2414 1.
217 2376 283 2415 20.
365 2378 599 2416 retinenda
625 2375 860 2425 medicina]
894 2373 999 2414 with
1017 2372 1200 2425 especial
1224 2373 1438 2413 reference
1456 2375 1501 2413 to
1519 2372 1588 2412 his

87 2427 217 2468 client
237 2428 446 2475 Sestius,
473 2429 568 2468 who
602 2429 727 2468 stood
750 2428 796 2467 in
821 2428 875 2468 da
907 2440 979 2478 ger
1003 2428 1050 2467 of
1076 2428 1198 2474 exile,
1230 2428 1411 2467 because
1442 2427 1488 2466 of
1512 2426 1586 2466 the

88 2481 222 2522 active
239 2484 335 2533 part
352 2482 408 2521 he
427 2482 514 2522 had
531 2482 676 2529 taken,
698 2494 745 2522 as
771 2440 957 2532 tribuffle,
978 2482 1147 2532 against
1172 2481 1247 2522 the
1271 2480 1589 2529 revolutionary

87 2538 227 2586 party.
283 2535 406 2586 [This
434 2536 567 2575 refers
594 2535 739 2576 rather
765 2538 811 2576 to
838 2535 913 2576 the
939 2543 1107 2576 senatus
1135 2537 1365 2576 consultum
1395 2536 1589 2574 ultimum

87 2587 229 2628 which
245 2600 332 2630 was
350 2589 547 2629 attacked
563 2590 611 2628 in
631 2589 812 2630 Cicero's
830 2601 998 2641 person.
1060 2602 1095 2630 s.
1116 2601 1151 2630 s.
1171 2590 1235 2641 3.]

168 2671 198 2711 1.
218 2673 285 2712 23.
339 2676 656 2724 adulescentes]
685 2673 739 2713 cf.
762 2677 784 2724 5
809 2674 876 2721 96,
902 2677 923 2724 5
948 2674 1049 2715 119:
1079 2673 1276 2713 solebant
1306 2674 1452 2713 autem
1483 2671 1587 2712 adu-

7 2751 9 2755 Α
89 2725 293 2766 lescentes
323 2726 522 2766 audiendi
547 2726 820 2777 discendique
849 2739 981 2767 causa
1012 2727 1153 2768 causis
1182 2724 1491 2766 illustrioribus
1522 2724 1586 2764 in-

8 2791 9 2794 *
34 2799 35 2847 ᾗ
90 2781 264 2828 teress03
292 2791 332 2819 v.
351 2779 464 2821 Plin.
487 2780 573 2830 Ep.
593 2792 638 2820 1v
657 2780 722 2821 16.
770 2792 944 2821 Anium.
1477 2778 1480 2782 ⁴

228 2875 277 2907 H.
1388 2861 1449 2907 10
