1812 2950
173 160 252 210 ἕ70
555 162 623 211 M.
680 162 895 210 TULLI
941 163 1328 214 CICERONIS

184 291 270 353 qui
292 291 366 338 ita
388 291 620 350 fecerant,
642 308 667 338 e
691 291 894 338 civitate
917 292 1201 350 eicerentur,
1259 293 1301 339 si
1325 293 1697 345 Themistoclem

183 373 337 434 illum,
360 378 751 420 conservatorem
776 373 983 435 patriae,
1002 389 1103 420 non
1121 374 1362 421 deterruit
1380 392 1408 422 a
1431 392 1484 423 re
1501 379 1698 439 publica

187 455 494 502 defendenda
516 471 606 501 nec
630 455 852 501 Miltiadi
876 455 1142 515 calamitas,
1169 456 1256 518 qui
1280 457 1416 503 illam
1440 458 1694 507 civitatem

185 536 331 598 paulo
379 540 495 582 ante
535 541 769 595 servarat,
809 551 968 597 neque
1014 537 1231 583 Aristidi
1269 537 1399 600 fuga,
1442 539 1528 601 qui
1567 557 1696 588 unus

185 617 404 663 omnium
438 617 737 663 iustissimus
773 616 926 664 fuisse
958 617 1189 677 traditur,
1240 618 1282 664 si
1318 623 1486 680 postea
1515 623 1693 668 summi
1721 639 1740 668 5

187 697 403 744 eiusdem
443 698 661 744 civitatis
698 698 808 757 viri,
838 713 959 760 quos
995 698 1287 744 nominatim
1325 700 1561 762 appellari
1595 718 1695 749 non

186 782 260 824 est
290 793 493 835 necesse,
536 777 800 839 propositis
827 782 904 824 tot
939 778 1176 840 exemplis
1210 778 1492 826 iracundiae
1527 781 1695 828 levita-

186 857 348 920 tisque
377 858 628 920 popularis
658 863 824 904 tamen
860 874 997 904 suam
1035 874 1137 904 rem
1175 859 1423 920 publicam
1451 860 1587 906 illam
1618 862 1694 908 de-

185 939 479 987 fenderunt:
527 939 646 1002 quid
674 955 763 986 nos
794 939 992 986 tandem
1021 940 1177 986 facere
1210 940 1452 999 debemus,
1479 942 1691 1003 primum

184 1020 237 1066 in
260 1035 317 1066 ea
347 1019 545 1066 civitate
575 1019 695 1077 nati,
722 1019 853 1066 unde
883 1025 993 1066 orta
1024 1019 1147 1065 mihi
1177 1020 1395 1081 gravitas
1427 1027 1477 1067 et
1510 1023 1693 1084 magni·
1722 1039 1761 1069 10

184 1098 306 1146 tudo
342 1099 496 1145 animi
537 1099 747 1158 videtur,
791 1103 899 1144 tum
935 1099 990 1145 in
1026 1105 1168 1146 tanta
1204 1100 1359 1161 gloria
1395 1101 1689 1161 insistentes,

185 1184 244 1226 ut
281 1179 445 1225 omnia
480 1179 696 1225 humana
736 1179 919 1226 leviora
958 1180 1116 1226 videri
1153 1180 1377 1240 debeant,
1416 1182 1592 1229 deinde
1631 1183 1694 1229 ad

186 1276 294 1307 eam
340 1275 444 1306 rem
489 1259 736 1321 publicam
793 1259 1029 1306 tuendam
1083 1260 1310 1322 adgressi,
1371 1277 1496 1323 quae
1553 1268 1694 1309 tanta

186 1341 429 1404 dignitate
452 1345 540 1398 est,
566 1345 626 1387 ut
655 1357 763 1387 eam
797 1341 1141 1388 defendentem
1174 1342 1391 1389 occidere
1426 1343 1693 1404 optabilius

186 1423 251 1470 sit
274 1438 422 1485 quam
438 1429 812 1484 oppugnantem
837 1438 1001 1469 rerum
1025 1423 1212 1485 potiri?
1722 1441 1760 1472 15
1779 1436 1789 1472 ἰ

74 1503 162 1550 142
285 1502 539 1550 LXVIII.
613 1503 854 1550 Homines
887 1504 1074 1562 Graeci,
1101 1520 1222 1566 quos
1251 1508 1396 1550 antea
1426 1505 1690 1563 nominavi,

186 1584 355 1646 inique
390 1600 420 1629 a
450 1583 551 1630 suis
586 1583 777 1630 civibus
811 1584 1033 1630 damnati
1072 1589 1220 1646 atque
1267 1584 1472 1646 expulsi,
1509 1589 1690 1644 tamen,

187 1663 303 1726 quia
326 1664 449 1710 bene
473 1669 590 1710 sunt
613 1663 672 1710 de
708 1663 810 1710 suis
844 1664 1130 1710 civitatibus
1166 1664 1346 1722 meriti,
1378 1668 1521 1710 tanta
1551 1664 1694 1711 hodie

189 1743 343 1806 gloria
365 1748 484 1790 sunt
505 1759 606 1789 non
628 1743 682 1789 in
719 1743 924 1790 Graecia
947 1743 1118 1802 solum,
1146 1743 1230 1790 sed
1257 1743 1408 1789 etiam
1442 1744 1575 1805 apud
1608 1760 1695 1791 nos

188 1832 335 1888 atque
368 1825 423 1870 in
454 1825 627 1871 ceteris
660 1824 818 1882 terrie,
859 1829 918 1870 ut
958 1841 1050 1883 eos,
1091 1841 1120 1870 a
1161 1825 1338 1886 quibus
1372 1824 1447 1870 illi
1482 1825 1697 1886 oppressi
1723 1841 1764 1871 20

187 1907 304 1967 sint,
343 1922 487 1953 nemo
521 1906 756 1964 nominet,
791 1906 966 1952 horum
1004 1905 1334 1951 calamitatem
1371 1905 1693 1952 dominationi

187 1989 385 2036 illorum
421 2003 595 2035 omnes
641 1992 957 2049 anteponant.
1030 1986 1154 2043 Quis
1200 1986 1693 2048 Karthaginiensium

189 2071 343 2133 pluris
367 2069 466 2116 fuit
489 2069 742 2115 Annibale
765 2068 981 2127 consilio,
1007 2068 1208 2126 virtute,
1234 2069 1380 2114 rebus
1411 2067 1570 2129 gestis,
1610 2068 1695 2130 qui

188 2167 317 2198 unus
340 2167 449 2197 cum
474 2155 552 2196 tot
574 2148 954 2212 imperatoribus
993 2149 1176 2194 nostris
1216 2163 1303 2209 per
1331 2152 1408 2194 tot
1444 2163 1598 2194 annos
1635 2148 1694 2193 de

187 2232 394 2294 imperio
441 2236 491 2278 et
529 2232 588 2277 de
628 2230 785 2292 gloria
831 2228 1133 2276 decertavit‘l
1179 2226 1330 2273 Hunc
1375 2228 1453 2274 sui
1493 2227 1622 2274 cives
1668 2244 1695 2273 e
1722 2243 1783 2279 25.

186 2313 389 2360 civitate
420 2312 695 2358 eiecerunt:
731 2325 821 2356 nos
852 2309 1002 2356 etiam
1025 2308 1214 2355 hostem
1239 2307 1418 2354 litteris
1440 2308 1621 2354 nostris
1644 2314 1694 2354 et
1781 2296 1783 2321 ³

75 2394 163 2442 143
187 2392 421 2441 memoria
451 2391 676 2438 videmus
706 2406 810 2437 esse
838 2389 1150 2436 celebratum.
1226 2387 1336 2444 Qua
1366 2403 1418 2434 re
1442 2387 1694 2434 imitemur
1779 2399 1781 2441 4

189 2479 378 2521 nostros
402 2473 598 2531 Brutos,
627 2471 871 2530 Camillos,
898 2470 1101 2528 Ahalas,
1145 2469 1335 2526 Decios,
1374 2468 1559 2527 Ourios,
1601 2469 1689 2515 Fa·
1779 2527 1781 2532 Ι

189 2555 377 2612 bricios,
405 2552 667 2610 Maximos,
697 2552 957 2614 Scipiones,
985 2549 1235 2607 LentuIOS,
1273 2548 1528 2607 Aemilios,
1552 2549 1691 2594 innu—
1774 2546 1781 2585 s

188 2634 445 2681 merabiles
468 2632 600 2691 alios,
629 2632 715 2694 qui
746 2631 873 2677 hanc
899 2646 1004 2677 rem
1036 2629 1284 2692 publicam
1316 2627 1691 2675 stabiliverunt:
1721 2643 1762 2676 ³0

189 2732 308 2779 quos
330 2715 555 2778 equidem
573 2714 628 2759 in
646 2714 848 2760 deorum
866 2710 1222 2758 immortalium
1245 2713 1386 2756 coetu
1411 2725 1467 2755 ac
1491 2724 1693 2756 numero

189 2812 383 2860 repono.
425 2796 664 2843 Amemus
710 2793 937 2856 patriam,
978 2807 1236 2854 pareamus
1273 2790 1484 2850 senatui,
1527 2805 1695 2837 consu·
1775 2857 1777 2863 Ι
