1812 2950
291 122 428 173 PRO
464 124 520 174 P.
559 123 804 173 SESTIO
844 124 1103 175 ORATIO
1137 126 1183 187 §ss
1219 127 1416 174 29—33
1548 129 1607 176 15

108 254 320 316 repetita
343 254 467 302 velit
490 260 578 302 aut
602 255 721 317 quid
745 255 807 302 ad
834 255 889 302 P.
919 255 1049 302 Sesti
1081 271 1278 302 causam
1310 272 1491 344 eorums,
1523 259 1610 319 qui

108 341 223 381 ante
247 334 394 381 huius
418 335 730 383 tribunatum
754 352 859 383 rem
883 337 1130 399 publicam
1149 343 1411 397 vexarunt,
1432 315 1611 386 delicta

107 416 404 478 pertineant.
466 416 598 463 Mihi
622 422 790 464 autem
807 416 899 464 hoc
916 417 1224 480 propositum
1243 424 1318 466 est
1336 419 1608 480 ostendere,

108 498 273 544 omnia
297 497 500 544 consilia
535 498 590 545 P.
628 497 758 545 Sesti
789 504 1104 559 mentemque
1140 499 1294 546 totius
1326 499 1612 548 tribunatus

64 598 85 629 ε
108 579 235 627 hanc
281 580 444 639 fuisse,
495 585 553 627 ut
603 580 829 627 adflictae
881 584 933 627 et
983 579 1208 642 perditae
1262 581 1335 628 rei
1385 583 1611 645 publicae

109 667 351 723 quantum
399 665 563 724 posset
608 634 902 708 xilederetur.
990 662 1069 708 Ac
1114 662 1157 708 si
1202 663 1258 709 in
1308 665 1612 726 exponendis

110 743 398 790 vulneribus
421 743 521 790 illis
545 742 606 789 de
629 758 708 789 me
732 743 838 806 ipso
862 743 1006 805 plura
1030 743 1190 791 dicere
1213 744 1434 804 videbor,
1454 725 1652 807 &fles-‘'¹‘-

109 823 271 871 citote.
343 823 477 870 Nam
525 828 575 870 et
614 823 754 870 illam
794 839 954 870 meam
996 823 1182 871 cladem
1225 838 1327 872 vos‘
1351 831 1403 873 et
1443 842 1613 874 omnes

109 904 227 950 boni
256 903 528 951 maximum
561 919 662 951 esse
695 904 767 950 rei
797 904 1023 967 publicae
1056 904 1241 951 vulnus
1265 905 1535 966 iudicastis,
1562 913 1614 953 et

49 1001 88 1033 10
111 984 164 1034 P.
189 984 375 1032 Sestius
399 990 474 1033 est
496 1001 609 1033 reus
633 1002 735 1032 non
760 1001 862 1045 suo,
888 985 974 1032 sed
997 1001 1106 1033 meo
1125 986 1326 1033 nomine
1337 1004 1351 1047 3
1390 987 1477 1050 qui
1500 1003 1613 1034 cum

109 1082 304 1113 omnem
325 1067 429 1114 vim
454 1067 532 1115 sui
555 1066 844 1115 tribflffiatus
862 1067 917 1114 in
934 1083 1044 1114 mea
1061 1067 1219 1114 salute
1237 1071 1610 1131 consumpserit,

34 1147 53 1158 ⁸
108 1162 302 1194 necesse
349 1152 426 1195 est
470 1164 631 1195 meam
681 1163 878 1194 causam
926 1147 1183 1210 praeteriti
1223 1149 1458 1211 temporis
1501 1166 1612 1196 cum

108 1227 255 1275 huius
278 1230 528 1292 praesenti
551 1229 835 1277 defensione
861 1245 964 1276 esse
987 1229 1315 1277 coniunctam.

207 1309 359 1357 XIV.
433 1311 557 1357 Erat
602 1311 757 1373 igitur
798 1310 852 1357 in
889 1311 1030 1357 luctu
1070 1315 1272 1358 senatus
1288 1328 1302 1371 3
1355 1314 1614 1375 squalebat

48 1405 88 1439 15
109 1390 285 1438 civitas
307 1392 505 1454 publico
530 1393 734 1439 consilio
752 1398 890 1439 veste
909 1397 1102 1439 mutata
1121 1410 1135 1453 3
1173 1393 1369 1440 nullum
1387 1400 1495 1442 erat
1514 1395 1615 1443 Ita-

107 1471 203 1519 liae
225 1473 566 1536 municipium,
589 1474 729 1521 nulla
747 1474 951 1533 colonia,
973 1474 1111 1521 nulla
1129 1474 1452 1537 praefectura,
1475 1477 1615 1523 nulla

110 1553 298 1640 {ffimae
322 1554 528 1603 societas
552 1556 883 1618 vectigalium,
904 1555 1100 1602 nullum
1119 1556 1380 1629 collegium
1398 1563 1487 1604 aut
1505 1574 1615 1604 con-

109 1630 278 1680 cilium
312 1639 401 1681 aut
436 1635 637 1682 omnino
662 1636 862 1699 aliquod
895 1652 1155 1684 commune
1180 1625 1453 1696 consilium,
1482 1638 1614 1701 quod

109 1718 217 1760 tum
240 1730 341 1761 non
365 1713 856 1764 honorificentissime
881 1716 941 1763 de
965 1732 1075 1763 mea
1099 1716 1258 1763 salute
1286 1716 1583 1765 decrevisset
1603 1736 1612 1766 :

45 1810 87 1844 20
109 1810 219 1841 cum
244 1795 410 1843 subito
434 1796 637 1843 edicunt
661 1797 759 1844 duo
782 1797 1018 1857 consules,
1042 1805 1099 1844 ut
1124 1797 1187 1844 ad
1212 1813 1356 1844 suum
1375 1799 1613 1846 vestitum

108 1881 356 1924 senatores
402 1877 636 1927 redirent.
711 1878 835 1936 Quis
881 1895 1118 1942 umquam
1168 1879 1338 1926 consul
1386 1884 1614 1927 senatum

107 1958 262 2021 ipsius
285 1958 495 2007 decretis
518 1938 691 2024 pai-‘dre
714 1961 985 2024 prohibuit,
1006 1961 1118 2023 quis
1141 1965 1388 2023 tyrannus
1411 1961 1614 2009 miseros

107 2039 273 2103 lugere
296 2041 493 2090 vetuitl
565 2042 816 2089 Parumne
842 2048 929 2103 est,
957 2043 1090 2102 Piso,
1119 2048 1177 2090 ut
1207 2043 1436 2090 omittam
1467 2044 1615 2091 Gabi-

107 2121 260 2181 nium,
298 2122 431 2184 quod
467 2128 665 2171 tantum
699 2118 924 2171 homines
960 2124 1193 2184 fefellisti,
1234 2129 1293 2171 ut
1333 2124 1615 2188 neglegeres

11 2225 13 2252 τ
47 2220 86 2255 25
108 2204 453 2252 auctoritatem
478 2212 693 2265 senatus,
721 2207 896 2270 optimi
920 2207 1159 2269 cuiusque
1177 2206 1384 2254 consilia
1404 2212 1615 2254 contem-

107 2301 258 2346 neres,
290 2303 394 2334 rem
425 2288 675 2350 publicam
706 2289 952 2351 proderes,
980 2289 1236 2336 consulare
1266 2305 1450 2336 nomen
1480 2290 1616 2337 adfli—

1638 1320 1699 1369 32

108 2369 274 2431 geres?
309 2369 523 2417 etiamne
558 2370 748 2419 edicere
780 2371 973 2429 audeas,
1003 2387 1065 2418 ne
1089 2375 1370 2419 maererent
1391 2371 1615 2419 homines
1696 2361 1698 2363 ’

108 2465 280 2510 meam,
307 2466 460 2511 suam,
487 2451 560 2498 rei
582 2451 810 2514 publicae
834 2451 1182 2511 calamitatem,
1210 2469 1273 2500 ne
1304 2452 1438 2507 hunc
1470 2470 1615 2500 suum

110 2528 323 2577 dolorem
347 2537 486 2578 veste
512 2530 886 2594 significarent?
959 2531 1075 2579 Sive
1099 2532 1186 2579 illa
1218 2533 1370 2580 vestis
1402 2533 1615 2581 mutatio

12 2623 15 2653 ι
47 2620 90 2656 80
111 2609 172 2657 ad
193 2609 384 2658 luctum
408 2611 627 2674 ipsorum
653 2613 758 2659 sive
784 2613 847 2660 ad
879 2612 1243 2675 deprecandum
1269 2614 1477 2671 valebat,
1504 2614 1616 2677 quis

110 2706 344 2754 umquam
367 2697 471 2739 tam
495 2692 707 2739 crudelis
735 2692 848 2750 fuit,
884 2693 971 2755 qui
1003 2694 1287 2755 prohiberet
1319 2709 1615 2757 quemquam

111 2778 199 2820 aut
231 2773 325 2820 sibi
355 2789 575 2822 maerere
611 2779 700 2821 aut
733 2774 908 2822 ceteris
940 2775 1255 2838 supplicare}
1329 2776 1492 2834 Quid2
1525 2793 1615 2825 sua
1639 2785 1703 2834 33
