1812 2950
250 142 383 192 PRO
417 142 473 192 P.
510 140 752 191 SESTIO
790 140 1044 190 ORATIO
1079 142 1124 203 ἓξ
1163 141 1422 188 118—122
1561 144 1623 191 59

117 286 325 330 oausam,
353 286 501 332 quam
525 274 714 332 egomet
738 269 797 316 de
830 285 906 316 me
942 284 1083 330 agere
1114 267 1411 331 potuissem'l
1436 267 1626 316 Summi

118 352 247 399 enim
277 358 448 414 poe’tae
478 352 730 413 ingenium
763 365 864 396 non
894 349 1053 396 solum
1083 355 1189 395 arte
1227 365 1329 407 sua,
1363 349 1447 396 sed
1478 350 1626 397 etiam

118 432 282 480 dolore
305 431 621 494 exprimebat.
697 430 806 486 Qua
828 430 960 476 enim
988 429 1038 475 vi

12 570 13 574 Ἰ
254 519 258 526 ’
508 513 519 534 ‘
536 511 621 574 qui
644 527 749 558 rem
773 511 1017 573 publicam
1042 516 1174 557 certo
1198 510 1362 556 animo
1387 510 1630 557 adiuverit

12 630 13 641 2
73 610 93 642 5
286 595 514 641 statuerit
537 592 729 639 steterit
752 608 863 638 cum
886 591 1096 637 Achivis
1111 593 1190 627 '-—

119 675 370 722 vobiscum
404 691 480 720 me
509 673 700 720 stetisse
730 672 936 731 dicebat,
977 677 1163 718 vestros
1201 671 1396 718 ordines
1435 671 1629 718 demon-

120 756 305 802 strabat
326 770 335 801 :
370 755 689 801 revocabatur
712 754 773 800 ab
799 752 1111 800 universis—

1186 839 1198 860 ‘
1217 850 1269 880 re
1305 834 1455 881 dubia

252 917 373 964 haut
396 917 637 964 dubitarit
659 917 814 963 vitam
845 917 1017 963 offerre
1040 917 1127 963 nec
1150 916 1302 978 capiti
1325 916 1628 979 pepercerit!

56 1016 94 1047 10
120 999 236 1046 haec
275 999 470 1061 quantis
510 999 571 1044 ab
602 999 688 1045 illo
718 998 1010 1045 clamoribus
1045 998 1348 1060 agebantur!
1388 1014 1498 1044 cum
1530 998 1628 1045 iam
1657 999 1744 1045 121

122 1081 297 1126 omisso
319 1084 459 1141 gestu
483 1079 645 1126 verbis
676 1087 849 1142 poetae
880 1085 931 1126 et
959 1079 1123 1126 studio
1155 1079 1334 1126 actoris
1365 1084 1417 1126 et
1440 1095 1631 1142 exspec-

35 1217 38 1222 .
121 1162 299 1208 tationi
321 1167 516 1208 nostrae
540 1162 878 1224 plauderetur:

12 1242 15 1287 1
346 1243 609 1288 ‘summum
645 1242 871 1300 amicum,
909 1243 1097 1288 summo
1131 1243 1181 1288 in
1220 1243 1347 1289 bello
1363 1243 1442 1278 '-—-

14 1312 15 1338 ¹
120 1338 235 1368 nam
257 1322 382 1368 illud
404 1322 507 1384 ipse
525 1328 660 1369 actor
674 1323 972 1385 adiungebat
987 1322 1141 1369 amico
1165 1323 1328 1369 animo
1352 1328 1402 1369 et
1425 1322 1631 1370 fortasse

13 1432 16 1493 ὓ
52 1419 93 1451 ⁴15
120 1404 340 1451 homines
363 1411 562 1467 propter
586 1405 783 1467 aliquod
808 1405 1105 1452 desiderium
1129 1406 1493 1467 adprobabant:

475 1487 683 1532 ‘summo
717 1485 914 1547 ingenio
948 1486 1223 1547 praeditum
1240 1487 1273 1533 1’

221 1565 387 1614 LVII.
438 1566 546 1612 Iam
570 1567 656 1612 illa,
679 1571 865 1628 quanto
889 1583 999 1613 cum
1016 1567 1203 1628 gemitu
1227 1566 1398 1629 populi
1417 1566 1630 1613 Romani

120 1646 182 1692 ab
207 1646 374 1692 eodem
397 1647 544 1709 paulo
567 1652 678 1709 post
700 1648 754 1693 in
777 1648 946 1694 eadem
969 1647 1139 1694 fabula
1162 1653 1280 1694 sunt
1305 1653 1414 1695 aeta
1436 1648 1445 1695 1

746 1728 820 1775 ‘O
857 1729 1110 1790 paterl’...

16 1842 17 1848 κ
55 1821 97 1854 20
118 1805 216 1866 Me,
242 1823 320 1854 me
343 1807 427 1854 ille
451 1809 700 1855 absentem
724 1814 782 1855 ut
805 1815 995 1872 patrem
1019 1810 1373 1872 deplorandum
1407 1810 1628 1871 putabat,

121 1903 267 1949 quem
303 1888 358 1945 Q.
396 1889 616 1947 Catulus,
652 1906 798 1952 quem
822 1891 969 1937 multi
991 1892 1079 1938 alii
1103 1908 1244 1954 saepe
1267 1891 1321 1937 in
1345 1897 1519 1937 senatu
1546 1907 1629 1953 pa-

121 1975 247 2015 trem
282 1970 470 2032 patriae
500 1971 829 2021 nominarant.
906 1972 1105 2029 Quanto
1140 1989 1251 2020 cum
1289 1973 1410 2019 fletu
1440 1973 1499 2019 de
1532 1972 1631 2019 illis

121 2050 302 2096 nostris
324 2050 566 2098 incendiis
581 2068 635 2099 ac
653 2053 824 2114 ruinis,
845 2069 957 2100 cum
974 2059 1166 2116 patrem
1188 2054 1401 2116 pulsum,
1418 2053 1628 2115 patriam

123 2128 371 2176 adflictam
417 2129 708 2192 deploraret,
751 2130 953 2177 domum
998 2130 1249 2176 incensam
1282 2147 1614 2192 eversamque,

16 2196 18 2212 Ι
64 2226 103 2261 2⁵
124 2212 193 2259 sic
215 2213 328 2275 egit,
355 2219 426 2272 ut,
453 2213 786 2260 demonstrata
817 2212 1027 2276 pristina
1056 2214 1257 2260 fortuna
1287 2230 1400 2260 oum
1431 2231 1483 2261 se
1510 2231 1620 2261 con-

124 2294 379 2346 vertisset:

449 2377 593 2423 ‘haee
628 2377 793 2423 6mnia
827 2376 932 2423 vidi
966 2376 1276 2423 inflammari'

116 2450 283 2498 fletum
317 2453 464 2499 etiam
497 2453 709 2500 inimicis
741 2459 890 2515 atque
924 2454 1109 2500 invidis
1147 2454 1409 2500 excitaret!
1446 2455 1544 2501 Pro
1577 2454 1628 2500 di
1653 2455 1744 2501 122

115 2532 436 2580 immortales!
485 2534 633 2596 quid‘e
682 2534 769 2581 illa
800 2551 946 2597 quem
978 2535 1040 2581 ad
1071 2535 1272 2581 modum
1302 2535 1431 2580 dixit
1465 2535 1620 2582 idem!

18 2603 22 2655 l
49 2625 89 2658 m
115 2626 237 2673 quae
266 2613 389 2658 mihi
418 2614 616 2675 quidem
640 2613 713 2660 ita
742 2619 792 2660 et
819 2621 929 2660 acta
958 2620 1009 2661 et
1036 2615 1219 2676 scripta
1243 2614 1479 2660 videntur
1503 2629 1619 2672 esse,

117 2698 172 2739 ut
186 2694 266 2741 vel
280 2710 309 2740 a
324 2695 380 2751 Q.
402 2694 590 2755 Catulo,
609 2696 651 2742 si
668 2695 944 2754 revixisset,
964 2696 1209 2758 praeclare
1224 2711 1362 2758 posse
1378 2694 1475 2741 dici
1493 2696 1622 2742 vide-

117 2789 287 2823 rentur
295 2794 308 2836 3
346 2777 389 2824 is
420 2776 552 2823 enim
575 2777 726 2824 libere
750 2777 1103 2840 reprehendere
1127 2783 1178 2824 et
1201 2792 1426 2824 accusare
1448 2777 1616 2839 populi
