1812 2950
191 201 215 206 „
247 153 310 199 50
603 152 673 199 M.
726 151 944 199 TULLI
986 150 1372 200 CICERONIS

245 286 452 340 patruus
482 279 656 325 matris
687 285 816 336 tuae,
850 279 936 341 qui
967 295 1079 326 cum
1110 279 1367 326 florentem
1399 279 1646 326 hominem
1679 279 1732 326 in

244 359 470 421 populari
493 360 697 416 ratione,
724 359 778 405 L.
808 359 1146 417 Saturninum,
1173 374 1342 405 censor
1365 364 1581 405 notasset
1603 375 1735 405 cum-

244 456 338 502 que
361 440 619 486 insitivum
640 440 915 486 Gracchum
939 446 1110 487 contra
1134 441 1233 486 vim
1258 440 1593 486 multitudinis
1615 439 1733 485 inci·

243 526 376 567 tatae
401 537 549 567 censu
572 521 903 582 prohibuisset
934 536 1142 582 cumque
1173 521 1227 566 in
1255 536 1364 566 eam
1391 520 1559 581 legem,
1585 536 1732 582 quam

242 615 343 646 non
366 599 471 645 iure
502 604 722 661 rogatam
753 599 1009 658 iudicarat,
1042 600 1205 646 iurare
1235 616 1363 645 unus
1394 600 1646 658 noluisset,
1673 599 1733 646 de
1752 618 1774 651 5

243 680 446 727 civitate
481 681 658 726 maluit
692 696 840 742 quam
872 681 932 727 de
963 681 1210 728 sententia
1241 669 1646 738 demoverfflt,
1676 687 1734 726 ut

243 767 410 808 vetera
434 763 670 824 exempla,
697 779 906 824 quorum
930 766 1006 809 est
1030 762 1166 824 copia
1190 762 1338 823 digna
1364 761 1507 807 huius
1539 762 1732 824 imperii

240 841 408 903 gloria,
448 842 724 904 relinquam
765 858 888 888 neve
929 858 1097 888 eorum
1138 842 1366 903 aliquem,
1409 842 1497 902 qui
1537 841 1727 899 vivunt,

241 924 503 983 nominem,
540 925 700 985 qualis
732 939 889 984 nuper
920 923 976 979 Q.
1013 922 1221 970 Catulus
1251 922 1362 978 fuit,
1396 937 1543 982 quem
1573 937 1730 983 neque

239 1005 445 1066 periculi
469 1008 734 1065 tempestas
756 1019 915 1064 neque
938 1003 1137 1049 honoris
1160 1018 1280 1048 aura
1306 1005 1471 1063 potuit
1498 1018 1727 1064 umquam
1751 980 1812 1076 10*

239 1086 299 1131 de
322 1101 409 1131 suo
434 1100 578 1130 cursu
603 1089 689 1129 aut
714 1099 797 1144 spe
821 1088 909 1129 aut
932 1088 1067 1130 metu
1092 1084 1358 1129 demovere.
1367 1074 1414 1157 θ
1811 1078 1812 1094 ³

127 1161 215 1209 102
337 1165 592 1211 XLVIII.
667 1164 807 1210 Haec
839 1164 1118 1220 imitamini,
1152 1179 1239 1225 per
1274 1163 1390 1209 deos
1423 1163 1726 1221 immortalis,

237 1246 323 1308 qui
359 1245 666 1307 dignitatem,
707 1245 792 1306 qui
833 1245 1042 1302 laudem,
1087 1245 1173 1306 qui
1218 1245 1424 1306 gloriam
1470 1246 1728 1305 quaeritis!

239 1327 378 1372 Haec
401 1325 566 1386 ampla
589 1329 718 1382 sunt,
747 1324 865 1370 haec
897 1324 1081 1381 divina,
1107 1324 1226 1370 haec
1257 1323 1554 1369 immortalia
1562 1341 1575 1382 3
1612 1324 1729 1370 haec
1789 1358 1803 1411 3

235 1405 369 1451 fania
405 1405 729 1463 celebrantur,
762 1404 1096 1450 monumentis
1128 1404 1381 1450 annalium
1414 1404 1725 1462 mandantur,
1750 1421 1766 1451 1

236 1485 515 1549 posteritati
551 1490 903 1547 propagantur.
973 1484 1065 1530 Est
1099 1484 1248 1543 labor,
1286 1501 1386 1530 non
1420 1500 1566 1546 nego;
1607 1486 1728 1547 peri·
1792 1506 1800 1543 'ss

237 1566 348 1613 cula
372 1581 562 1628 magna,
589 1566 747 1611 fateor
759 1582 771 1623 ;

605 1651 615 1671 ‘
630 1648 809 1692 multae
831 1645 1038 1692 insidiae
1061 1647 1175 1693 sunt
1199 1646 1359 1692 bonis'

236 1727 487 1775 verissime
511 1727 696 1774 dictum
723 1732 798 1774 est
807 1745 820 1787 3
856 1727 941 1774 sed
964 1732 1015 1773 te
1792 1790 1793 1794 Ἰ

238 1815 248 1834 ‘
260 1809 322 1866 id,
345 1808 476 1871 quod
496 1808 641 1854 multi
660 1807 916 1854 invideant
930 1807 1173 1870 multique
1188 1811 1438 1871 expetant,
1454 1806 1725 1863 inscitiast‚'
1746 1827 1793 1879 η

234 1891 410 1952 inquit,

303 1969 585 2031 ‘postulare,
611 1967 706 2014 nisi
728 1967 944 2016 laborem
968 1969 1157 2014 summa
1179 1983 1291 2014 cum
1314 1983 1430 2014 cura
1453 1967 1659 2014 ecferas)
1787 2024 1789 2028 ,

233 2048 432 2095 Nollem
448 2048 577 2094 idem
593 2047 690 2094 alio
708 2047 812 2093 loco
831 2046 1050 2103 dixisset,
1070 2046 1196 2108 quod
1217 2045 1499 2108 exciperent
1516 2045 1726 2107 improbi
1784 2062 1787 2088 1

232 2130 382 2175 cives:

657 2205 882 2263 ‘oderint,
909 2206 1027 2251 dum
1050 2206 1304 2253 metuant)
1745 2218 1787 2303 ΞἺ

121 2292 209 2341 103
233 2285 491 2334 Praeclara
519 2284 651 2331 enim
674 2285 761 2330 illa
783 2289 1042 2346 praecepta
1066 2284 1268 2330 dederat
1291 2239 1724 2332 invematffs‘ed

231 2375 399 2413 tamen
421 2367 540 2413 haec
563 2367 644 2412 via
668 2382 722 2413 ac
747 2366 874 2412 ratio
898 2367 968 2412 rei
999 2366 1224 2428 publicae
1258 2366 1575 2427 capessendae
1606 2366 1725 2412 olim

231 2453 338 2494 erat
361 2447 515 2508 magis
539 2446 939 2508 pertimescenda,
965 2462 1076 2492 cum
1100 2446 1271 2492 multis
1301 2447 1356 2492 in
1386 2447 1531 2492 rebus
1562 2447 1723 2493 multi-

233 2526 422 2573 tudinis
446 2526 664 2572 studium
689 2541 745 2571 ac
769 2525 940 2587 populi
964 2525 1271 2571 commodum
1304 2526 1366 2571 ab
1398 2525 1620 2572 utilitate
1651 2526 1723 2573 rei

230 2607 454 2670 publicae
478 2589 822 2666 discrepabat&
858 2605 1134 2651 Tabellaria
1156 2605 1238 2651 lex
1261 2605 1323 2651 ab
1342 2605 1396 2653 L.
1420 2605 1586 2652 Cassio
1603 2605 1722 2653 fere-

229 2688 388 2734 batur.
430 2685 649 2748 Populus
663 2685 943 2732 libertatem
960 2687 1039 2747 agi
1056 2686 1263 2748 putabat
1277 2702 1427 2733 suam.
1455 2686 1721 2733 Dissentie-

231 2768 351 2813 bant
366 2766 610 2829 principes
625 2771 675 2812 et
690 2767 742 2812 in
757 2766 914 2813 salute
930 2767 1242 2828 optimatium
1258 2767 1583 2814 temeritatem
1600 2767 1720 2813 mul-
