1812 2950
203 143 340 192 PRO
375 143 432 191 P.
472 143 714 192 SESTIO
752 142 1004 192 ORATIO
1039 144 1085 205 ἓξ,
1120 143 1381 190 105-110
1518 144 1582 191 53

20 311 21 328 ,
69 269 302 331 praebuit.
375 270 542 317 Huius
577 271 733 318 oratio
765 276 823 317 ut
851 287 1042 333 semper
1067 271 1230 333 gravis
1272 275 1322 317 et
1355 275 1497 332 grata
1527 271 1581 318 in

72 352 378 399 contionibus
419 352 531 411 fuit,
575 352 644 398 sic
679 352 922 398 contendo
969 367 1238 413 numquam
1285 366 1443 413 neque
1489 352 1581 398 elo-

19 460 22 482 l
71 433 273 496 quentia
313 449 420 479 eam
455 449 615 495 neque
655 432 967 478 iucunditate
1004 432 1155 478 fuisse
1194 430 1392 477 maiore.
1467 430 1577 486 Quo
1605 431 1696 479 108

20 542 22 569 z
71 519 265 566 silentio
302 524 419 565 sunt
454 518 614 565 auditi
650 518 709 565 de
742 534 821 565 me
858 517 1009 564 ceteri
1040 516 1286 579 principes
1323 515 1575 561 civitatis!

20 608 49 648 ¹fl
72 616 192 663 quos
222 601 401 646 idcirco
437 616 535 646 606
571 599 762 661 appello
803 599 895 646 1106
931 600 1049 657 1060,
1090 615 1152 645 66
1183 614 1292 644 1666
1328 597 1502 655 oratio,
1537 597 1579 643 si

19 682 21 691 ⁴
71 681 234 728 minus
258 682 317 727 de
352 681 515 743 aliquo
550 680 736 735 dixero,
761 680 970 742 ingrata,
1009 679 1051 726 si
1086 679 1207 725 satis
1243 678 1304 724 de
1335 677 1576 734 omnibus,

20 756 21 763 ¹
70 762 266 808 infinita
289 778 390 809 esse
424 762 666 808 videatur.
739 761 871 808 Cedo
908 776 1039 806 nunc
1077 759 1293 806 eiusdem
1329 758 1465 805 illius
1501 757 1576 803 16-

19 861 21 882 ι
70 843 198 889 imici
226 842 321 889 mei
353 843 412 889 de
446 858 524 888 me
559 842 728 889 eodem
764 842 827 887 ad
854 858 1028 888 verum
1061 841 1298 904 populum
1327 841 1382 886 in
1409 855 1579 901 campo

19 907 21 939 ³
71 922 254 970 Martio
289 921 597 970 contionem!
655 922 764 984 quis
804 938 904 967 non
951 921 1094 967 modo
1141 920 1445 982 adprobavit,
1494 920 1578 966 sed

18 1016 45 1072 10
68 1012 167 1049 606
196 1003 593 1065 indignissimum
628 1002 820 1049 facinus
865 1004 1063 1064 putavit
1101 1002 1245 1048 illum
1282 1018 1382 1048 non
1419 1001 1578 1047 dicam

18 1078 21 1149 Ι
68 1084 216 1146 10(1111,
246 1084 328 1130 sed
364 1085 531 1130 vivere
566 1100 620 1130 ac
656 1083 873 1145 spirare?
932 1083 1044 1146 quis
1079 1083 1178 1129 fuit
1212 1083 1298 1145 qui
1337 1098 1438 1128 non
1473 1081 1578 1129 eius

19 1154 21 1166 '
68 1181 185 1212 voce
218 1165 453 1211 maculari
487 1180 591 1210 rem
639 1163 886 1226 publicam
932 1179 1092 1224 seque,
1138 1163 1179 1208 si
1221 1178 1332 1208 eum
1369 1162 1574 1221 audiret,

19 1300 20 1303 Ἴ
67 1247 244 1294 scelere
268 1247 510 1309 adstringi
534 1247 890 1292 arbitraretur2

166 1329 250 1376 LI.
322 1329 487 1376 Venio
527 1329 590 1375 ad
624 1328 831 1384 comitia,
855 1328 958 1374 sive
999 1328 1378 1389 magistratuum
1413 1326 1575 1388 placet
1601 1327 1690 1374 109

17 1425 41 1503 fi
64 1410 168 1458 sive
190 1411 365 1472 legum.
421 1410 573 1472 Leges
596 1409 820 1455 videmus
845 1423 986 1469 saepe
1011 1408 1130 1454 ferri
1152 1407 1344 1453 multas.
1386 1405 1575 1453 Omitto

18 1505 21 1530 Ι
64 1507 158 1550 eas,
192 1508 317 1554 quae
353 1491 584 1538 feruntur
620 1491 706 1549 ita,
743 1492 831 1536 vix
868 1496 927 1536 ut
963 1489 1116 1552 quini,
1155 1494 1205 1536 et
1243 1488 1281 1537 ii
1319 1506 1381 1536 ex
1412 1489 1574 1535 aliena

18 1614 21 1637 ,
63 1575 213 1632 tribu,
274 1574 360 1636 qui
418 1573 705 1635 suffragium
750 1572 925 1630 ferant,
974 1572 1298 1633 reperiantur.
1359 1569 1436 1616 De
1481 1586 1572 1628 me,

18 1645 20 1683 ἶ
63 1670 208 1716 (111616
226 1659 494 1716 tyrannum
517 1660 667 1715 atque
689 1658 962 1715 ereptorem
986 1652 1231 1699 libertatis
1255 1667 1355 1698 esse
1380 1651 1572 1696 dicebat

63 1735 148 1781 illa
171 1735 316 1781 ruina
339 1735 411 1780 rei
434 1734 671 1796 publicae,
703 1733 825 1780 dicit
842 1749 893 1780 se
916 1733 1073 1795 legem
1096 1733 1278 1779 tulisse.
1353 1733 1476 1788 Quis
1500 1740 1575 1780 est

18 1815 147 1876 bqui
185 1830 250 1872 se,
293 1831 403 1860 cum
440 1819 610 1861 contra
655 1830 733 1860 me
777 1814 1042 1872 ferebatur,
1093 1813 1245 1859 inisse
1281 1812 1571 1875 suffragium

18 1902 21 1957 ζ
62 1894 387 1941 confiteatur'l
453 1910 564 1940 cum
609 1899 777 1941 autem
823 1894 882 1940 de
928 1909 1006 1940 me
1049 1893 1218 1940 eodem
1264 1909 1327 1939 ex
1373 1898 1570 1939 senatus

62 1975 282 2021 consulto
318 1975 526 2021 comitiis
563 1975 851 2021 centuriatis
888 1974 1154 2032 ferebatur,
1205 1975 1315 2035 quis
1357 1978 1433 2020 est
1480 1973 1566 2035 qui

61 2068 161 2100 non
177 2055 464 2116 profiteatur
488 2070 539 2101 se
569 2054 783 2100 adfuisse
807 2060 856 2100 et
881 2053 1168 2115 suffragium
1194 2053 1253 2098 de
1277 2052 1436 2098 salute
1460 2067 1569 2098 mea
1610 2049 1615 2057 '

62 2134 255 2182 tulisse2
306 2135 436 2183 Utra
489 2135 643 2197 igitur
692 2151 839 2181 causa
884 2134 1135 2198 popularis
1182 2134 1329 2180 debet
1374 2133 1548 2190 videri,

58 2214 111 2261 in
155 2231 252 2277 qua
308 2231 473 2261 omnes
526 2214 807 2261 honestates
856 2214 1089 2272 civitatis,
1143 2229 1310 2260 omnes
1360 2219 1564 2270 aetates,

60 2311 226 2343 omnes
271 2297 467 2344 ordines
523 2313 623 2343 una
669 2297 998 2354 consentiunt,
1047 2312 1110 2341 an
1157 2296 1210 2341 in
1256 2311 1353 2356 qua
1409 2294 1566 2341 furiae

59 2378 328 2424 concitatae
351 2382 603 2439 tamquam
631 2378 694 2423 ad
729 2378 877 2433 funus
907 2377 979 2423 rei
1014 2376 1238 2439 publicae
1268 2375 1564 2422 convolant?

57 2454 157 2518 An,
185 2457 340 2503 sicubi
379 2458 537 2504 aderit
577 2456 780 2514 Gellius,
828 2456 974 2503 homo
1020 2461 1070 2502 et
1116 2456 1268 2502 fratre
1315 2454 1560 2516 indignus,
1591 2453 1681 2501 110

61 2536 167 2583 viro
196 2537 461 2584 clarissimo
493 2542 639 2600 atque
668 2538 853 2599 optimo
881 2538 1092 2595 consule,
1119 2541 1170 2583 et
1194 2536 1364 2583 ordine
1396 2550 1562 2596 eques-

57 2617 137 2674 tri,
174 2618 310 2664 cuius
344 2619 427 2664 ille
461 2618 647 2665 ordinis
682 2634 859 2664 nomen
897 2618 1093 2676 retinet,
1130 2624 1422 2664 ornamenta
1456 2632 1564 2662 con-

61 2697 190 2757 fecit,
223 2699 276 2745 id
305 2700 398 2746 erit
433 2700 698 2762 populare?
760 2701 872 2747 ‘Est
912 2701 1044 2746 enim
1075 2700 1222 2746 homo
1253 2699 1346 2745 iste
1382 2697 1562 2760 populo

20 2796 23 2839 1
61 2777 280 2827 Romano
317 2780 540 2828 deditus)
611 2780 749 2827 Nihil
792 2779 894 2827 vidi
930 2779 1115 2843 magis3
1151 2779 1248 2842 qui,
1299 2795 1408 2826 cum
1456 2777 1561 2825 eius
