1812 2950
170 137 242 205 ς26
550 137 621 187 M.
673 137 889 186 TULLJ
931 137 1313 189 CICERONIS

180 281 296 313 nare
335 282 439 314 rem
475 267 718 329 publicam
756 267 885 315 dicet
896 245 1010 325 [illis
1043 261 1334 340 tacentibus}
1371 287 1461 318 nec
1497 273 1675 319 armati

181 348 426 395 exercitus
465 354 702 396 terrorem
732 354 946 411 opponet
973 350 1186 412 togatis3
1225 367 1384 415 neque
1420 353 1515 401 erit
1546 354 1676 401 iusta

183 445 327 476 causa
356 429 419 476 ad
459 435 626 492 portas
659 431 849 478 sedenti
876 432 1174 493 imperatori,
1212 448 1362 502 quare
1401 449 1543 480 suum
1583 439 1674 480 ter-

110 558 116 561 ,
184 526 341 557 rorem
389 510 514 557 falso
559 511 732 558 iactari
777 512 1053 575 opponique
1098 512 1333 574 patiatur.
1396 512 1676 577 Numquam

186 589 396 651 denique
428 590 523 636 erit
549 595 653 636 tam
684 606 941 653 oppressus
981 596 1200 651 senatus,
1228 597 1288 638 ut
1315 592 1361 639 ei
1395 609 1458 640 ne
1494 594 1675 656 suppli-
1704 608 1725 640 5

184 670 326 716 candi
365 671 564 733 quidem
603 687 659 718 ac
696 671 896 734 lugendi
954 672 1020 719 sit
1070 677 1297 735 potestas,
1347 678 1451 720 tam
1508 680 1678 737 captus

187 755 411 814 equester
433 751 564 812 ordo,
591 757 650 799 ut
673 752 861 814 equites
885 752 1100 800 Romani
1117 770 1147 800 a
1169 754 1365 801 consule
1386 754 1677 817 relegentur.

189 831 326 888 Quae
349 847 459 878 cum
485 832 650 879 omnia
675 839 825 895 atque
846 833 997 880 etiam
1021 834 1179 880 multo
1203 834 1302 881 alia
1326 835 1529 894 maiora,
1557 851 1681 898 quae

189 911 412 959 consulto
449 917 712 975 praetereo,
756 913 1058 972 accidissent,
1099 914 1281 960 videtis
1317 931 1395 961 me
1434 920 1601 961 tamen
1630 915 1684 961 in

189 1006 348 1038 meam
387 992 648 1055 pristinam
695 992 987 1056 dignitatem
1023 995 1162 1041 brevi
1215 1000 1413 1041 tantum
1466 1000 1685 1058 tempore
1714 1011 1754 1042 10

190 1073 369 1121 doloris
394 1075 652 1121 interiecto
675 1075 748 1121 rei
770 1075 994 1138 publicae
1016 1091 1135 1123 voce
1158 1092 1261 1123 esse
1283 1083 1587 1124 revocatum.

104 1155 163 1202 53
286 1154 491 1203 XXIV.
567 1155 663 1202 Sed
702 1161 760 1202 ut
799 1161 1018 1203 revertar
1044 1156 1108 1203 ad
1139 1156 1277 1215 illud,
1311 1157 1443 1218 quod
1473 1157 1596 1204 mihi
1639 1157 1693 1203 in

193 1235 283 1282 hac
307 1235 443 1282 omni
475 1241 550 1283 est
581 1237 802 1283 oratione
831 1236 1152 1300 prepositum,
1178 1237 1404 1283 omnibus
1435 1236 1575 1283 malis
1604 1237 1690 1284 1110

192 1333 320 1363 anno
358 1317 536 1364 scelere
570 1318 825 1365 consulum
857 1334 960 1365 rem
988 1318 1236 1380 publicam
1267 1333 1369 1364 esse
1404 1317 1688 1376 confectam,

192 1399 407 1461 primum
437 1399 523 1446 illo
552 1399 659 1463 ipso
689 1400 782 1458 die,
808 1400 895 1462 qui
916 1399 1040 1446 mihi
1070 1399 1298 1446 funestus
1328 1398 1440 1458 fuit,
1468 1400 1693 1446 omnibus
1721 1415 1760 1446 15
1798 1407 1799 1440 ὲ

191 1481 332 1527 bonis
366 1481 633 1542 luctuosae,
659 1497 771 1528 cum
803 1497 890 1544 ego
924 1497 1003 1528 me
1035 1497 1061 1528 e
1085 1481 1342 1542 complexu
1376 1480 1563 1542 patriae
1586 1496 1693 1527 con-

194 1567 458 1624 spectuque
499 1568 661 1609 vestro
701 1563 989 1625 eripuissem
1025 1568 1075 1609 et
1104 1567 1242 1610 metu
1280 1562 1435 1609 vestri
1473 1562 1689 1624 periculi,

195 1657 295 1688 non
329 1642 439 1701 mei,
465 1642 621 1690 furori
647 1643 874 1702 hominis,
901 1643 1082 1702 sceleri,
1108 1642 1354 1705 perfidiae,
1379 1643 1492 1689 telis
1525 1642 1691 1688 mim's-

195 1737 290 1783 que
327 1722 575 1769 cessissem
610 1722 932 1784 patriamque,
967 1737 1090 1784 quae
1127 1721 1250 1768 mihi
1286 1725 1392 1768 erat
1432 1721 1693 1779 carissima,

196 1808 396 1865 propter
439 1804 592 1866 ipsius
638 1804 828 1866 patriae
886 1804 1143 1850 caritatem
1187 1801 1525 1864 reliquissem;
1584 1817 1696 1847 cum
1722 1816 1764 1847 20

196 1898 361 1929 meum
391 1883 534 1930 illum
565 1900 730 1930 casum
762 1890 866 1931 tam
896 1884 1194 1943 horribilem,
1220 1888 1324 1929 tam
1355 1897 1567 1944 gravem,
1593 1886 1698 1927 tam

196 1965 508 2026 repentinum
548 1982 649 2013 non
685 1966 843 2013 solum
889 1966 1123 2025 homines,
1173 1965 1258 2012 sed
1296 1969 1429 2011 tecta
1468 1963 1604 2010 urbis
1642 1979 1698 2009 ac

197 2048 381 2110 templa
414 2048 654 2111 lugerent,
680 2064 824 2095 nemo
859 2054 1078 2095 vestrum
1113 2048 1289 2107 forum,
1320 2062 1463 2093 nemo
1497 2045 1695 2102 curiam,

198 2144 342 2176 nemo
376 2129 535 2175 lucem
577 2129 792 2191 aspicere
836 2129 1018 2176 vellet:
1058 2128 1158 2190 illo,
1200 2128 1418 2189 inquam,
1455 2127 1559 2188 ipso
1605 2125 1697 2183 die,

199 2209 279 2256 die
315 2209 453 2257 dico‘l
520 2210 669 2256 immo
708 2210 830 2257 hora
864 2215 1014 2272 atque
1054 2210 1204 2256 etiam
1245 2212 1429 2270 puncto
1468 2205 1702 2267 temporis
1727 2219 1768 2252 25
1784 2204 1797 2246 Ι

199 2289 369 2337 eodem
425 2290 548 2337 mihi
604 2290 771 2352 reique
817 2291 1039 2353 publicae
1084 2288 1337 2352 pernicies,
1392 2286 1605 2333 Gabinio
1650 2291 1700 2331 et
1783 2288 1795 2338 l{

202 2370 370 2418 Pisoni
417 2371 669 2433 provincia
714 2377 884 2433 rogata
929 2375 1014 2418 est.
1112 2370 1211 2417 Pro
1257 2369 1338 2416 dei
1383 2365 1683 2414 immortales
1780 2341 1795 2428 Ι

202 2451 427 2498 custodes
461 2457 511 2498 et
552 2457 916 2498 conservatores
954 2451 1102 2497 huius
1136 2450 1274 2496 urbis
1307 2453 1458 2510 atque
1491 2445 1698 2508 imperii,
1783 2443 1793 2522 Ι

202 2549 442 2597 quaenam
488 2533 575 2579 illa
620 2532 675 2579 in
719 2548 773 2579 re
818 2531 1014 2593 publica
1069 2534 1298 2586 monstra,
1355 2542 1478 2589 quae
1523 2525 1702 2572 scelera
1784 2538 1793 2583 4

205 2613 427 2660 vidistis.
417 2611 427 2646 Ι
449 2612 583 2660 Civis
618 2616 724 2658 erat
759 2611 992 2673 expulsus
1023 2610 1081 2667 is,
1114 2609 1200 2671 qui
1227 2624 1331 2655 rem
1362 2605 1608 2669 publicam
1642 2620 1703 2650 ex
1729 2617 1771 2649 30

206 2700 404 2743 senatus
427 2694 721 2741 auctoritate
754 2709 866 2739 cum
901 2691 1129 2738 omnibus
1159 2691 1302 2736 bonis
1326 2687 1626 2745 defenderat,
1651 2690 1702 2732 et
1791 2692 1793 2712 ³

208 2775 441 2838 expulsus
471 2791 572 2822 non
612 2774 708 2821 alio
749 2775 928 2836 aliquo,
966 2773 1049 2819 sed
1089 2787 1145 2819 eo
1177 2771 1282 2834 ipso
1314 2770 1531 2817 crimine.
1580 2768 1703 2815 Erat
