1812 2950
298 127 436 176 PRO
472 127 530 176 P.
569 125 814 176 SESTIO
852 126 1113 176 ORATIO
1147 128 1194 188 ἓξ
1229 126 1427 173 45-48
1556 126 1619 174 23

121 257 209 305 An
245 261 352 304 erat
392 256 515 303 mihi
553 255 607 303 in
646 260 788 302 tanto
829 255 970 302 luctu
1010 271 1245 313 meorum,
1284 260 1428 301 tanta
1463 255 1621 302 diiun-

121 338 296 397 ctione,
345 341 489 383 tanta
533 335 815 393 acerbitate,
864 340 1006 381 tanta
1052 334 1344 397 spoliatione
1398 336 1620 382 omnium

120 435 301 475 rerum,
326 434 448 480 quas
471 417 594 463 mihi
617 421 707 463 aut
729 421 910 463 natura
934 420 1025 463 aut
1045 415 1248 463 fortuna
1272 416 1487 474 dederat,
1515 416 1622 463 vita

120 501 409 548 retinenda?
448 506 551 547 tam
583 515 716 546 eram
747 498 898 558 rudis,
931 502 1035 545 tam
1067 498 1271 560 ignarus
1302 514 1481 556 rerum,
1516 503 1621 544 tam

78 601 98 633 5
122 560 294 647 eqfcpers
340 583 531 631 consilii
575 586 665 628 aut
718 579 940 643 ingenii?
995 579 1123 626 nihil
1177 579 1458 639 audieram,
1493 579 1621 625 nihil

120 665 354 722 videram,
378 662 505 709 nihil
528 662 630 724 ipse
654 661 860 724 legendo
884 660 1261 723 quaerendoque
1280 676 1619 723 cognoveram,

121 744 393 792 nesciebam
419 743 552 789 vitae
575 743 776 789 brevem
800 757 904 788 esse
928 757 1140 799 cursum,
1166 741 1351 803 gloriae
1370 740 1624 803 sempiter-

121 841 264 884 num,
305 841 417 871 cum
463 827 591 870 esset
637 822 866 869 omnibus
913 820 1118 867 definita
1157 836 1301 881 mors,
1351 820 1622 883 optandum

123 922 225 954 esse
248 911 306 953 ut
329 906 446 964 vita,
474 921 600 967 quae
623 902 908 951 necessitati
931 902 1209 961 deberetur,
1235 902 1426 965 patriae
1458 901 1625 964 potius

8 1016 10 1064 ἑ
59 1002 100 1035 10
123 988 304 1034 donata
335 1001 484 1048 quam
513 990 764 1032 reservata
795 990 1003 1031 naturae
1032 983 1315 1036 videretur?
1349 983 1622 1030 nesciebam

121 1071 252 1116 inter
274 1068 659 1130 sapientissimos
682 1067 906 1114 homines
923 1066 1052 1112 hanc
1071 1066 1438 1112 contentionem
1456 1064 1624 1121 fuisse,

121 1154 180 1197 ut
219 1149 306 1196 alii
348 1149 569 1196 dicerent
609 1149 802 1196 animos
844 1148 1102 1196 hominum
1149 1163 1418 1210 sensusque
1465 1152 1625 1194 morte

121 1233 377 1297 restingui,
411 1234 498 1280 alii
529 1239 698 1281 autem
727 1240 836 1281 tum
869 1234 1085 1280 maxime
1108 1237 1300 1279 mentes
1324 1231 1624 1294 sapientium

121 1331 178 1362 ac
199 1315 402 1361 fortium
426 1314 660 1372 virorum,
687 1328 799 1358 cum
828 1328 892 1359 ex
923 1326 1123 1373 corpore
1155 1310 1493 1369 excessissent,
1525 1325 1627 1358 sen-

8 1427 10 1437 1
59 1411 96 1444 15
122 1397 218 1442 tire
241 1411 297 1443 ac
319 1395 483 1457 vigere
504 1396 521 1443 2
594 1410 801 1456 quorum
826 1393 1039 1439 alterum
1066 1391 1354 1454 fugiendum
1386 1407 1488 1437 non
1510 1406 1626 1448 esse,

125 1493 287 1525 carere
320 1493 481 1535 sensu,
523 1476 736 1523 alterum
774 1475 926 1522 etiam
965 1473 1253 1537 optandum,
1291 1472 1493 1519 meliore
1528 1487 1631 1518 esse

125 1575 284 1607 sensu.
363 1558 591 1620 Denique
631 1573 742 1604 cum
788 1556 954 1603 omnia
993 1571 1185 1617 semper
1230 1554 1295 1601 ad
1340 1553 1634 1615 dignitatem
1658 1550 1720 1600 48

126 1638 424 1686 rettulissem
470 1655 559 1686 nec
606 1638 711 1685 sine
757 1654 815 1684 ea
851 1637 1114 1700 quicquam
1151 1635 1483 1698 expetendum
1525 1650 1631 1682 6556

127 1720 315 1768 homini
336 1720 391 1766 in
415 1720 521 1766 vita
534 1725 798 1782 putassem,
825 1723 1048 1777 mortem,
1069 1732 1218 1780 quam
1242 1717 1393 1764 etiam
1421 1715 1632 1778 virgines

8 1837 9 1846 ,
60 1818 100 1848 20
126 1801 342 1847 Athenis
381 1800 523 1861 regis,
551 1799 738 1862 opinor,
766 1797 1033 1845 Erechthei
1055 1797 1186 1844 filiae
1225 1813 1316 1860 pro
1337 1795 1498 1859 patria
1523 1810 1632 1843 con-

128 1881 381 1943 tempsisse
428 1880 675 1940 dicuntur,
715 1895 803 1941 ego
849 1879 928 1924 vir
973 1877 1242 1925 consularis
1288 1876 1443 1923 tantis
1488 1876 1634 1923 rebus

127 1961 276 2024 gestis
298 1961 559 2008 timerem?
597 1960 887 2023 praesertim
922 1975 1034 2006 cum
1068 1958 1174 2005 eius
1209 1973 1362 2005 essem
1398 1956 1630 2016 civitatis,

129 2058 192 2088 ex
231 2057 327 2104 qua
365 2040 417 2089 O.
458 2040 657 2087 Mucius
688 2040 819 2087 solus
853 2040 909 2086 in
945 2043 1106 2086 castra
1136 2037 1380 2085 Porsenae
1417 2037 1634 2085 venisset

129 2137 336 2184 eumque
358 2120 634 2168 interficere
647 2103 907 2187 &resposita
939 2118 1035 2165 sibi
1065 2114 1239 2165 mortess¹
1247 2122 1452 2165 conatus
1476 2123 1631 2165 esset:

63 2218 101 2250 25
127 2219 191 2249 ex
227 2218 325 2264 qua
358 2201 414 2250 P.
444 2201 629 2248 Decius
663 2201 881 2263 primum
915 2204 1070 2262 pater,
1109 2203 1220 2261 post
1255 2198 1444 2260 aliquot
1478 2213 1634 2244 annos

130 2283 288 2346 patria
334 2283 522 2330 virtute
567 2282 823 2345 praeditus
868 2281 1002 2328 filius
1059 2297 1111 2328 se
1167 2296 1223 2327 ac
1281 2280 1436 2326 vitam
1495 2295 1632 2326 suam

131 2366 372 2412 instructa
408 2364 511 2411 acie
547 2379 638 2426 pro
675 2363 835 2411 salute
874 2363 1044 2426 populi
1081 2361 1297 2409 Romani
1333 2360 1635 2423 victoriaque

131 2444 435 2492 devovisset:
487 2460 551 2490 ex
590 2459 688 2506 qua
714 2443 1099 2490 innumerabiles
1130 2442 1217 2489 alii
1247 2441 1430 2504 partim
1458 2441 1634 2502 adipis-

129 2525 308 2573 cendae
351 2525 526 2583 laudis,
573 2524 758 2587 partim
814 2524 1046 2571 vitandae
1103 2522 1431 2585 turpitudinis
1488 2536 1634 2567 causa

63 2621 103 2654 ao
130 2612 335 2653 mortem
357 2606 412 2652 in
435 2605 587 2652 variis
609 2605 752 2652 bellis
775 2604 1081 2668 aequissimis
1103 2603 1282 2650 animis
1305 2601 1632 2665 oppetissent:

130 2689 185 2734 in
228 2703 327 2751 qua
371 2687 572 2734 civitate
617 2686 723 2749 ipse
767 2687 1098 2734 meminissem
1134 2690 1326 2748 patrem
1364 2684 1511 2730 huius
1557 2682 1627 2729 M.

133 2767 307 2826 Crassi,
331 2767 655 2814 fortissimum
690 2766 868 2826 virum,
893 2782 956 2813 ne
991 2766 1184 2812 videret
1216 2764 1453 2810 victorem
1488 2761 1632 2809 vivus
