1812 2950
267 122 404 171 PRO
437 122 494 173 P.
532 119 777 171 SESTIO
814 118 1071 168 ORATIO
1105 120 1151 181 ἐξ
1188 119 1384 168 93-“-97
1513 119 1575 167 47

77 252 158 300 hic
180 257 347 299 tamen
370 250 473 296 ulla
496 263 732 311 umquam
755 247 940 294 iniuria
964 246 1252 307 adducetur,
1271 254 1329 294 ut
1352 263 1464 294 eum
1491 249 1580 295 tali

79 335 267 382 virtute
298 338 537 395 tantaque
568 331 807 378 firmitate
838 329 994 376 animi
1026 344 1078 377 se
1108 328 1163 375 in
1195 344 1300 375 rem
1331 329 1579 392 publicam

78 416 231 464 fuisse
271 414 543 478 paeniteat:
590 414 675 461 sed
721 413 808 476 qui
848 413 968 460 haec
1008 412 1184 460 vident
1224 412 1578 474 adulescentes,

0 523 1 562 }
79 512 293 561 quonam
318 511 432 543 suas
454 498 645 542 mentes
669 493 954 541 conferenti
1021 492 1129 551 Ille,
1153 492 1239 555 qui
1262 499 1584 541 monumenta

0 631 1 636 ,
36 593 60 627 ⁶
80 579 289 642 publica,
315 577 404 640 qui
434 577 568 624 aedis
599 591 775 635 sacras,
810 575 897 638 qui
930 574 1100 621 domos
1135 573 1452 621 inimicorum
1477 590 1585 621 suo-

80 676 191 707 rum
216 658 534 722 oppugnavit,
563 657 762 716 excidit,
788 656 1024 715 incendit,
1046 656 1133 719 qui
1157 655 1370 718 stipatus
1394 671 1585 719 semper

80 741 283 800 sicariis,
310 745 508 803 saeptus
539 738 758 797 armatis,
794 737 1020 784 munitus
1050 737 1299 784 indicibus
1325 736 1439 796 fuit,
1465 753 1582 800 quo-

80 839 193 870 rum
217 822 363 870 hodie
387 822 527 884 copia
557 821 818 881 redundat,
844 820 933 883 qui
961 824 1013 867 et
1043 820 1351 882 peregrinam
1382 835 1586 866 manum

81 904 466 952 facinerosorum
498 900 766 948 concitavit
799 905 850 947 et
880 915 1047 947 servos
1069 900 1133 946 ad
1156 899 1352 947 caedem
1386 899 1589 947 idoneos

23 1001 63 1034 10
83 984 203 1032 emit
225 988 276 1030 et
298 982 352 1029 in
376 982 638 1029 tribunatu
662 970 905 1028 carcerem
935 986 1099 1028 totum
1124 981 1178 1027 in
1202 981 1367 1028 forum
1395 980 1585 1039 effudit,

84 1066 261 1113 volitat
291 1063 478 1122 aedilis,
505 1067 703 1109 accusat
734 1078 860 1122 eum,
896 1063 984 1124 qui
1017 1062 1184 1124 aliqua
1215 1078 1279 1109 ex
1311 1067 1452 1124 parte
1483 1062 1590 1111 eius

82 1148 298 1195 furorem
325 1144 658 1193 exsultantem
682 1142 915 1206 repressit
924 1160 939 1203 3
973 1141 1067 1202 hic,
1095 1142 1183 1205 qui
1205 1158 1258 1189 se
1290 1147 1365 1189 est
1395 1148 1590 1190 tutatus

10 1278 13 1287 ,
85 1230 166 1290 sic,
192 1234 250 1276 ut
281 1229 335 1274 in
367 1227 563 1290 privata
593 1243 647 1273 re
679 1225 797 1273 deos
827 1225 1022 1287 penatis
1054 1240 1182 1283 suos,
1215 1224 1269 1270 in
1301 1240 1354 1271 re
1389 1225 1590 1288 publica

85 1312 195 1359 iura
235 1310 523 1357 tribunatus
570 1313 721 1370 atque
761 1307 981 1371 auspicia
1022 1306 1319 1366 defenderet,
1362 1322 1592 1356 accusare

26 1403 66 1436 15
86 1408 199 1439 eum
217 1391 480 1446 moderate,
499 1405 528 1434 a
546 1404 643 1452 quo
660 1389 764 1452 ipse
782 1389 970 1435 nefarie
989 1393 1263 1447 accusatur,
1284 1404 1373 1451 per
1389 1393 1590 1437 senatus

12 1468 14 1470 ’
86 1472 431 1519 auctoritatem
463 1486 566 1517 non
597 1475 672 1517 est
704 1471 840 1517 situs.
914 1470 1172 1517 Nimirum
1209 1469 1301 1517 11οο
1336 1470 1462 1518 illud
1500 1477 1589 1531 est,
1614 1470 1676 1520 96

87 1554 221 1617 quod
238 1554 297 1600 de
315 1569 394 1600 me
408 1553 720 1615 potissimum
739 1558 797 1599 tu
813 1553 868 1598 in
886 1553 1199 1599 accusatione
1213 1553 1448 1615 quaesisti
1466 1569 1594 1616 quae

89 1639 217 1682 esset
232 1640 402 1681 nostra
423 1633 581 1679 ‘natio
599 1633 934 1696 optimatium’
944 1650 959 1694 3
983 1633 1053 1680 sic
1072 1634 1205 1680 enim
1224 1633 1411 1681 dixisti.
1463 1634 1594 1682 Rem

90 1714 285 1778 quaeris
316 1714 617 1777 praeclaram
649 1714 906 1761 iuventuti
936 1714 1001 1762 ad
1033 1714 1325 1762 discendum
1354 1732 1446 1764 nec
1468 1716 1594 1763 mihi

16 1805 70 1859 Ὶ20
91 1797 339 1843 difficilem
380 1796 444 1843 ad
483 1796 869 1859 perdocendum,
927 1796 987 1843 de
1028 1813 1126 1859 qua
1171 1813 1340 1859 pauca,
1388 1797 1590 1856 iudices,

16 1908 18 1923 ᾗ
91 1878 272 1925 dicam:
319 1882 385 1938 et,
426 1882 486 1924 ut
525 1879 756 1937 arbitror,
797 1894 889 1925 nec
929 1879 991 1925 ab
1030 1878 1254 1926 utilitate
1297 1895 1467 1927 eorum
1507 1880 1596 1942 qui

17 1955 19 2003 i
90 1959 310 2017 audient,
348 1975 438 2007 nec
476 1960 539 2006 ab
577 1960 732 2007 officio
769 1964 934 2007 vestro
971 1975 1061 2007 nec
1098 1960 1162 2007 ab
1198 1960 1307 2023 ipsa
1347 1977 1494 2008 causa
1534 1960 1589 2009 P.

92 2040 222 2088 Sesti
245 2040 533 2087 abhorrebit
554 2041 714 2087 oratio
738 2056 858 2088 mea.

193 2120 361 2170 XLV.
421 2121 536 2168 Duo
558 2138 738 2184 genera
754 2138 946 2186 semper
968 2124 1023 2170 in
1046 2123 1139 2170 hac
1162 2123 1366 2171 civitate
1389 2124 1597 2173 fuerunt

31 2215 72 2248 2¹5
92 2217 273 2261 eorum,
301 2201 389 2264 qui
412 2202 601 2250 versari
624 2202 679 2249 in
709 2218 764 2250 re
795 2204 994 2266 publica
1025 2209 1176 2266 atque
1207 2204 1262 2251 in
1286 2221 1344 2252 ea
1367 2221 1420 2253 se
1443 2206 1597 2254 excel-

93 2283 278 2331 lentius
302 2298 472 2346 gerere
496 2284 820 2333 studuerunt:
857 2285 1039 2348 quibus
1071 2301 1133 2333 ex
1165 2286 1428 2348 generibus
1450 2287 1596 2334 alteri

22 2402 23 2434 3
93 2381 144 2414 se
166 2366 440 2429 populares,
467 2365 613 2412 alteri
645 2366 910 2429 optimates
940 2372 992 2414 et
1023 2367 1196 2415 haberi
1228 2373 1280 2415 et
1302 2384 1405 2416 esse
1431 2369 1596 2416 volue-

22 2438 24 2497 ‡
92 2454 224 2496 runt.
286 2448 386 2505 Qui
410 2464 481 2506 ea,
503 2464 628 2510 quae
653 2447 903 2495 faciebant
926 2465 1150 2512 quaeque
1169 2450 1411 2510 dicebant,
1433 2450 1597 2497 multi-

95 2529 260 2577 tudini
283 2529 500 2576 iucunda
522 2529 755 2576 volebant
773 2546 893 2590 esse,
918 2531 1192 2593 populares,
1221 2532 1308 2594 qui
1331 2537 1502 2579 autem
1525 2531 1598 2578 ita

1 2612 76 2664 1³30
95 2626 146 2658 se
173 2610 421 2672 gerebant,
448 2614 507 2656 ut
531 2626 619 2657 sua
650 2611 854 2658 consilia
885 2612 1073 2673 optimo
1105 2613 1284 2674 cuique
1315 2613 1593 2675 probarent,

96 2689 358 2751 optimates
393 2688 715 2736 habebantur.
758 2726 761 2730 Α
790 2689 936 2747 ‘Quis
970 2705 1085 2752 ergo
1108 2690 1204 2737 iste
1228 2691 1446 2753 optimus
1469 2692 1595 2753 quis·
1625 2694 1686 2743 97

26 2812 27 2842 ἐ
96 2768 240 2831 que'2
298 2768 535 2827 Numero,
561 2770 604 2816 si
628 2769 833 2831 quaeris,
856 2769 1240 2816 innumerabiles
1261 2769 1441 2834 (neque
1465 2773 1598 2821 enim
