1812 2950
268 141 407 191 PRO
441 141 501 190 P.
539 138 788 191 SESTIO
827 137 1084 188 ORATIO
1119 139 1166 200 §S
1202 137 1398 188 68-72
1528 140 1591 186 35

91 275 240 323 talem
275 290 364 338 per
397 274 518 322 alios
557 273 705 321 citius
752 287 901 335 quam
947 286 1036 334 per
1081 286 1133 318 se
1180 269 1372 317 tardius
1418 270 1592 318 confici

87 357 309 405 malebat.

186 437 459 488 XXXIII.
518 436 631 484 Hoc
646 435 850 483 interim
864 440 1086 498 tempore
1105 433 1161 481 P.
1184 434 1389 493 Sestius,
1406 433 1593 482 iudices
1614 439 1677 488 '71

86 519 373 583 designatus
391 518 622 566 tribunus
643 517 741 564 iter
754 517 818 564 ad
833 516 886 565 O.
910 515 1168 564 Caesarem
1192 531 1282 578 pro
1299 530 1409 562 mea
1432 514 1592 563 salute

42 613 65 648 ε
87 599 325 662 suscepit..
373 598 506 656 Quid
548 597 718 661 egerit,
763 601 1008 660 quantum
1049 595 1326 659 profecerit,
1366 594 1495 642 nihil
1529 595 1593 642 ad

59 684 61 686 ’
85 696 282 729 causam
308 677 557 745 (equidem
584 678 832 736 existimo,
866 677 910 724 si
942 677 1041 735 ille,
1068 680 1129 723 ut
1152 675 1378 736 arbitror,
1406 691 1592 739 aequus

84 761 227 808 nobis
254 760 419 817 fuerit,
453 759 582 806 nihil
609 759 671 805 ab
701 759 792 805 hoc
828 759 1126 820 profectum3
1163 756 1242 804 sin
1277 756 1464 816 iratior,
1491 771 1593 803 non

0 862 1 869 ¹
85 842 319 906 multum)
330 860 345 903 3
380 842 466 890 sed
496 847 666 889 tamen
704 841 1023 889 sedulitatem
1063 845 1214 902 atque
1251 839 1592 902 integritatem

85 924 299 973 hominis
321 923 515 972 videtis.
592 923 853 986 Ingredior
877 923 974 969 iam
1005 922 1058 968 in
1095 921 1226 968 Sesti
1251 920 1565 968 tribunatum
1574 939 1591 981 3

24 1022 64 1056 10
85 1023 199 1054 nam
239 1007 331 1054 hoc
370 1006 586 1069 primum
617 1005 715 1052 iter
751 1005 1036 1068 designatus
1071 1003 1145 1051 rei
1181 1003 1408 1066 publicae
1444 1019 1592 1050 causa

8 1078 9 1083 ¹
85 1088 328 1151 suscepit:
367 1088 615 1150 pertinere
649 1092 701 1135 et
735 1087 798 1134 ad
836 1086 1146 1134 concordiam
1182 1085 1366 1133 civium
1395 1086 1593 1148 putavit

85 1175 136 1216 et
158 1168 221 1216 ad
244 1168 537 1231 perficiundi
559 1168 861 1229 facultatem,
894 1167 1118 1214 animum
1146 1166 1370 1213 Caesaris
1394 1183 1423 1213 a
1446 1182 1593 1214 causa

12 1263 13 1295 ;
84 1266 182 1298 non
208 1250 481 1297 abhorrere.
556 1250 706 1296 Abiit
729 1249 814 1296 ille
850 1265 1046 1296 annus:
1079 1248 1344 1311 respirasse
1368 1248 1593 1297 homines

83 1332 382 1380 videbantur
415 1333 638 1380 nondum
684 1349 751 1392 re,
796 1333 882 1380 sed
919 1348 1003 1394 spe
1030 1332 1104 1379 rei
1135 1331 1361 1394 publicae
1398 1347 1593 1395 recupe-

25 1433 64 1465 ιε
86 1414 280 1462 randae.
354 1414 604 1461 Exierunt
630 1414 775 1461 malis
806 1414 1052 1461 ominibus
1076 1418 1226 1476 atque
1249 1413 1594 1461 exsecrationi·

85 1495 178 1543 bus
196 1495 294 1543 duo
317 1496 525 1543 vulturii
542 1495 779 1558 paludati.
831 1495 1024 1553 Quibus
1047 1496 1240 1542 utinam
1265 1495 1385 1558 ipsis
1410 1498 1593 1543 evenis-

86 1581 197 1622 sent
231 1591 302 1635 ea,
341 1592 466 1638 quae
501 1583 609 1622 tum
645 1574 872 1623 homines
908 1576 1270 1638 precabantur!
1308 1591 1468 1639 neque
1502 1592 1593 1624 nos

18 1683 19 1715 i
85 1655 389 1718 provinciam
404 1655 745 1703 Macedoniam
765 1672 878 1702 cum
893 1656 1114 1703 exercitu
1127 1671 1288 1718 neque
1313 1656 1593 1719 equitatum

85 1735 140 1781 in
178 1734 322 1797 Syria
357 1741 407 1782 et
442 1735 659 1783 cohortis
698 1735 909 1798 optimas
937 1735 1332 1797 perdidissemus.
1405 1737 1595 1784 Ineunt
1616 1740 1679 1790 '72

20 1835 66 1868 ρο
86 1817 433 1879 magistratum
479 1817 673 1864 tribuni
719 1817 910 1879 plebis3
956 1817 1044 1880 qui
1091 1834 1261 1864 omnes
1308 1834 1359 1866 se
1406 1819 1467 1866 de
1514 1835 1594 1866 me

21 1918 24 1963 ᾗ
85 1898 482 1961 promulgaturos
529 1899 913 1960 confirmarant3
949 1915 1012 1947 ex
1046 1899 1108 1947 iis
1144 1901 1373 1963 princeps
1408 1901 1594 1948 emitur

4 1982 25 2008 '¹
85 1980 147 2027 ab
193 1980 406 2027 inimicis
453 1980 575 2027 meis
620 1981 677 2040 is,
727 1997 875 2044 quem
921 1981 1147 2029 homines
1187 1983 1242 2029 in
1288 1983 1431 2030 luctu
1476 1984 1594 2031 inri-

23 2015 27 2126 ι
85 2060 258 2108 dentes
293 2060 572 2109 Gracchum
598 2063 859 2123 vocabant,
885 2064 1117 2126 quoniam
1156 2064 1209 2110 id
1244 2064 1397 2111 etiam
1431 2065 1593 2112 fatum

4 2130 27 2178 s*
86 2141 305 2189 civitatis
347 2143 460 2202 fuit,
491 2149 551 2190 ut
579 2144 667 2191 illa
699 2161 762 2191 ex
796 2145 1072 2207 vepreculis
1106 2151 1332 2192 extracta
1368 2147 1595 2195 nitedula

26 2217 66 2299 μ
87 2237 189 2269 rem
230 2223 479 2284 publicam
510 2230 772 2271 conaretur
804 2226 1054 2273 adrodere.
1127 2226 1280 2273 Alter
1314 2243 1447 2286 vero,
1492 2244 1594 2276 non

7 2303 29 2352 ,ἶ
86 2303 171 2350 ille
194 2303 436 2351 Serranus
460 2306 523 2352 ab
537 2311 717 2362 aratro,
737 2306 822 2353 sed
846 2322 910 2353 ex
933 2307 1125 2355 deserto
1150 2308 1299 2355 Gavii
1324 2309 1455 2356 Oleli
1479 2325 1594 2357 rure

10 2414 32 2426 2
86 2399 118 2431 a
163 2383 355 2432 Galatis
393 2385 568 2432 Gaviis
602 2386 656 2432 in
693 2386 945 2435 Calatinos
981 2388 1168 2436 Atilios
1202 2389 1398 2448 insitus,
1426 2389 1594 2436 subito
1650 2435 1653 2438 Α

32 2487 33 2514 ἢ
86 2464 370 2513 nominibus
405 2466 459 2513 in
494 2467 690 2515 tabulas
726 2468 897 2516 relatis
929 2485 1110 2516 nomen
1146 2486 1291 2517 suum
1328 2471 1388 2517 de
1419 2470 1592 2517 tabula

88 2545 304 2594 sustulit.
360 2545 590 2593 Veniunt
608 2547 867 2595 Kalendae
892 2549 1168 2598 Ianuariae.
1226 2551 1333 2598 Vos
1355 2551 1476 2597 haec
1498 2565 1593 2597 me-

0 2627 70 2677 mo
87 2621 184 2670 lius
231 2624 354 2671 scire
400 2627 621 2688 potestis,
661 2628 890 2690 equidem
938 2630 1112 2677 audita
1153 2630 1278 2690 dico,
1317 2646 1443 2693 quae
1481 2633 1592 2677 tum

12 2741 15 2763 ἶ
87 2701 366 2764 frequentia
399 2711 614 2767 senatus,
648 2723 774 2770 quae
806 2711 1110 2772 exspectatio
1140 2710 1325 2773 populi,
1360 2710 1447 2773 qui
1484 2726 1593 2757 con—

14 2775 15 2778 *
38 2820 39 2866 ᾗ
89 2798 258 2832 cursus
292 2786 569 2850 legatorum
594 2805 657 2837 ex
681 2790 836 2838 Italia
872 2797 1067 2850 cuncta,
1094 2809 1220 2855 quae
1244 2793 1424 2852 virtus,
1447 2791 1591 2850 actio,

1327 2890 1456 2936 3-2
