1812 2950
247 133 384 183 PRO
419 134 477 184 P.
515 133 758 182 SESTIO
797 131 1054 181 ORATIO
1089 134 1135 193 §g
1173 131 1436 178 130-133
1536 128 1599 177 65

90 264 268 312 Italiae
290 263 440 310 festos
465 262 567 309 dies
591 276 733 323 agere
756 260 1002 307 adventus
1031 259 1130 306 mei
1153 259 1464 318 videbantur,
1492 260 1601 306 viae

89 342 412 390 multitudine
440 341 714 403 legatorum
756 339 975 401 undique
1003 340 1260 386 missorum
1297 339 1603 386 celebraban-

88 429 189 486 tur,
207 424 270 471 ad
285 425 458 470 urbem
477 438 693 470 accessus
707 421 990 469 incredibili
1006 421 1263 468 hominum
1279 421 1600 467 multitudine

89 510 140 553 et
174 504 507 567 gratulatione
546 502 765 563 florebat,
808 502 905 550 iter
942 518 971 548 a
1012 507 1169 564 porta,
1207 502 1261 548 in
1300 501 1601 564 Capitolium

43 599 65 634 ὅ
89 600 332 643 ascensus,
370 584 568 630 domum
604 582 796 630 reditus
831 587 939 629 erat
979 582 1086 629 eius
1124 582 1273 640 modi,
1314 588 1373 628 ut
1411 597 1602 628 summa

89 665 143 711 in
178 663 370 711 laetitia
403 663 529 709 illud
562 662 789 720 dolerem,
830 661 1085 708 civitatem
1127 667 1231 708 tam
1267 667 1460 723 gratam
1497 667 1602 708 tam

90 745 318 793 miseram
341 749 490 807 atque
509 759 788 806 oppressam
811 743 976 789 fuisse.
1693 809 1695 811 Ι

191 826 362 873 Habes
401 826 569 887 igitur,
609 824 742 886 quod
787 840 851 870 ex
895 839 975 870 me
1022 823 1271 886 quaesisti,
1315 824 1403 886 qui
1443 829 1607 870 essent
1632 823 1724 871 132

91 908 360 970 optimates.
413 905 531 952 Non
555 904 876 966 est‘natio'‚ut
898 904 1098 951 dixisti:
1136 905 1266 967 quod
1284 920 1372 967 ego
1397 906 1604 952 verbum

25 1005 64 1039 10
89 989 268 1053 agnovi
282 1007 297 1050 3
339 993 413 1035 est
446 988 580 1034 enim
612 988 762 1047 illius,
790 1004 819 1033 a
842 1003 940 1050 quo
964 1003 1065 1034 uno
1088 988 1304 1035 maxime
1330 988 1382 1036 P.
1414 988 1604 1035 Sestius

91 1087 141 1119 se
177 1070 450 1134 oppugnari
481 1070 630 1130 videt,
671 1069 885 1117 hominis
916 1070 1034 1128 eiuS,
1068 1070 1156 1132 qui
1185 1070 1310 1117 hanc
1336 1069 1617 1118 ‘nationem'

92 1151 243 1199 deleri
289 1155 339 1197 et
385 1150 577 1196 concidi
616 1150 838 1211 cupivit3
893 1150 980 1212 qui
1023 1149 1072 1196 G.
1120 1150 1391 1209 Caesarem,
1431 1151 1603 1198 mitem

92 1229 340 1277 hominem
387 1233 437 1276 et
482 1245 512 1275 a
557 1230 702 1276 caede
748 1230 1113 1291 abhorrentem,
1159 1247 1302 1293 saepe
1343 1231 1603 1294 increpuit,

93 1328 233 1374 saepe
255 1311 516 1369 accusavit,
543 1328 655 1358 cum
679 1311 964 1359 adfirmaret
994 1313 1136 1358 illum
1172 1329 1457 1375 numquam,
1489 1315 1607 1361 dum

29 1407 66 1441 15
91 1393 210 1440 haec
232 1393 370 1440 natio
393 1393 602 1452 viveret,
630 1393 735 1439 sine
767 1409 883 1440 cura
906 1393 1150 1442 futurum.
1226 1395 1370 1441 Nihil
1394 1395 1607 1458 profecit

12 1478 13 1482 ’
94 1474 154 1520 de
190 1473 460 1520 universis:
497 1473 558 1520 de
589 1490 668 1520 me
705 1489 847 1535 agere
887 1490 987 1520 non
1029 1475 1255 1534 destitit3
1307 1492 1385 1523 me
1426 1493 1607 1540 oppug-

93 1554 234 1601 navit
263 1554 478 1616 primum
509 1570 598 1616 per
618 1554 829 1600 indicem
854 1554 1101 1615 Vettium,
1128 1571 1274 1618 quem
1298 1556 1353 1602 in
1377 1557 1606 1605 contione

94 1633 154 1679 de
200 1648 278 1679 me
319 1636 370 1678 et
415 1632 475 1678 de
513 1632 796 1679 clarissimis
836 1633 956 1681 viris
997 1634 1338 1697 interrogavit.
1400 1637 1463 1683 In
1509 1654 1606 1700 quo

94 1720 260 1761 tamen
285 1730 367 1762 eos
390 1714 513 1761 civis
542 1715 805 1761 coniunxit
836 1716 1006 1762 eodem
1039 1717 1258 1779 periculo
1297 1723 1348 1765 et
1383 1719 1601 1779 crimine,

29 1809 70 1842 20
93 1799 152 1841 ut
174 1811 203 1841 a
225 1811 302 1840 me
325 1794 496 1841 inierit
526 1794 752 1856 gratiam,
779 1795 909 1857 quod
933 1812 1011 1842 me
1049 1813 1161 1843 cum
1200 1798 1519 1860 amplissimis
1556 1806 1607 1847 et

94 1874 376 1922 fortissimis
401 1875 521 1922 viris
545 1877 871 1938 congregavit.

198 1957 392 2004 LXIV.
465 1957 561 2004 Sed
602 1963 772 2020 postea
803 1959 927 2004 mihi
964 1960 1103 2007 nullo
1135 1977 1245 2008 meo
1282 1962 1476 2022 merito,
1510 1964 1608 2010 nisi
1634 1965 1726 2012 133

97 2040 227 2102 quod.
251 2040 393 2087 bonis
421 2040 611 2103 placere
640 2041 910 2103 cupiebam,
938 2043 1098 2089 omnis
1122 2047 1197 2090 est
1219 2044 1425 2092 insidias
1461 2046 1605 2093 scele-

96 2121 339 2169 ratissime
356 2121 680 2169 machinatus.
727 2122 822 2169 Ille
847 2122 909 2170 ad
934 2139 1028 2181 eos,
1055 2140 1084 2169 a
1098 2125 1276 2186 quibus
1301 2126 1605 2186 audiebatur,

32 2217 72 2251 2³
97 2203 273 2250 cotidie
313 2203 500 2266 aliquid
546 2204 606 2251 de
647 2221 725 2252 me
772 2205 876 2251 ficti
921 2207 1176 2254 adferebat
1186 2224 1200 2266 3
1236 2208 1321 2256 1116
1358 2209 1606 2259 hominem

98 2284 222 2331 mihi
243 2285 604 2345 amicissimum,
634 2286 722 2334 On.
756 2287 1061 2350 Pompeium,
1104 2291 1347 2346 monebat,
1366 2297 1424 2338 ut
1447 2308 1607 2340 meam

100 2365 297 2412 domum
322 2371 567 2413 metueret
591 2372 740 2430 atque
765 2385 794 2414 a
827 2384 905 2415 me
929 2369 1036 2431 ipso
1067 2376 1296 2430 caveret3
1334 2372 1420 2418 ille
1451 2389 1503 2420 se
1539 2372 1608 2420 sic
1628 2377 1654 2382 ‘

101 2460 210 2492 cum
245 2445 442 2493 inimico
476 2462 585 2494 meo
618 2448 886 2510 copularat,
919 2454 977 2495 ut
1010 2449 1153 2496 illum
1194 2467 1332 2499 meae
1365 2453 1607 2516 proscrip-

75 2524 264 2584 tionis,
303 2542 449 2588 quam
487 2527 771 2587 adiuvabat,
822 2528 932 2577 Sex.
963 2529 1177 2590 Clodius,
1219 2533 1364 2580 homo
1413 2535 1475 2580 iis
1509 2535 1610 2598 dig-

37 2618 78 2651 30
102 2603 334 2652 nissimus
372 2607 667 2668 quibuscum
713 2609 856 2669 vivit,
902 2610 1139 2669 tabulam,
1179 2627 1282 2659 sese
1322 2613 1609 2676 scriptorem

102 2701 203 2733 esse
243 2686 459 2749 diceret3
505 2689 590 2735 ille
627 2706 756 2737 unus
794 2691 980 2737 ordinis
1016 2693 1176 2739 nostri
1222 2693 1437 2741 discessu
1483 2711 1605 2756 meo,
1635 2699 1638 2702 ’

103 2764 240 2814 luctu
297 2773 460 2815 vestro
507 2770 671 2832 palam
730 2771 1024 2820 exsultavit.
1078 2772 1155 2819 De
1200 2790 1298 2836 quo
1345 2791 1447 2837 ego,
1499 2791 1609 2823 cum

244 2883 295 2916 H.
1460 2880 1488 2925 5
