1812 2950
113 1751 201 1797 111
227 1754 284 1796 ut
321 1749 557 1812 plebicola
593 1750 858 1807 videretur,
890 1750 1172 1796 libertinam
1201 1749 1346 1795 duxit
1381 1765 1593 1795 uxorem.
1675 1747 1728 1794 Is
1787 1751 1789 1790 ζ

175 169 271 216 „54
579 166 648 214 M.
702 165 916 214 TULLI
963 164 1345 215 CICERONIS

208 297 535 345 adulescentia
591 296 645 342 in
702 296 1014 358 amplissimis
1070 295 1339 341 honoribus
1385 294 1563 341 summi
1603 295 1713 346 viri.
1784 300 1791 310 '

211 378 264 426 L.
317 377 538 440 Philippi
574 377 752 437 vitrici,
802 377 973 423 florere
1018 377 1272 438 potuisset,
1320 392 1474 438 usque
1520 392 1576 423 eo
1616 392 1714 422 non
1792 415 1798 427 Α,

210 459 308 505 fuit
353 457 615 520 popularis,
664 462 722 502 ut
768 456 897 503 bona
942 457 1074 503 solus
1119 463 1363 503 comesset.
1427 456 1617 503 Deinde
1654 472 1715 502 ex
1792 458 1799 524 ξ

211 540 404 602 impuro
460 539 769 585 adulescente
820 544 871 586 et
927 539 1198 601 petulante,
1247 543 1563 600 posteaquam
1614 554 1714 584 rem
1792 527 1799 567 3

213 626 467 683 paternam
501 621 562 666 ab
595 619 862 666 idiotarum
894 619 1084 666 divitiis
1114 620 1175 665 ad
1206 618 1603 681 philosophorum
1641 634 1713 663 re·
1742 633 1763 663 5

216 702 375 748 culam
427 700 676 763 perduxit,
715 699 1011 746 Graeculum
1046 715 1096 746 se
1129 704 1277 761 atque
1309 700 1519 745 otiosum
1554 697 1718 760 putari

216 781 387 837 voluit,
444 781 608 827 studio
662 781 939 826 litterarum
987 796 1037 826 se
1083 781 1247 827 subito
1303 778 1504 825 dedidit.
1575 777 1719 824 Nihil
1795 830 1799 848 f

217 862 465 908 satiabant
488 877 600 907 eum
623 861 792 918 libelli,
819 875 906 922 pro
937 859 1056 907 vino
1088 859 1239 906 etiam
1270 874 1414 920 saepe
1441 858 1721 920 oppignera-

217 942 402 988 bantur
416 959 430 1001 3
466 942 695 987 manebat
719 940 1041 986 insaturabile
1065 939 1319 997 abdomen,
1346 939 1510 1000 copiae
1533 937 1719 983 deficie-

219 1022 356 1070 bant.
419 1021 595 1083 Itaque
642 1020 830 1081 semper
875 1020 1164 1066 versabatur
1207 1019 1262 1064 in
1307 1035 1390 1080 spe
1435 1033 1598 1064 rerum
1642 1033 1725 1063 no·
1751 1032 1770 1064 1

219 1119 424 1163 varum,
478 1103 579 1150 otio
618 1107 670 1148 et
710 1101 1074 1163 tranquillitate
1112 1101 1183 1147 rei
1216 1101 1438 1163 publicae
1479 1115 1725 1147 consenes-
1782 1138 1788 1144 .

222 1186 372 1232 cebat.

326 1267 440 1314 LII.
514 1258 711 1329 Ecquae
758 1266 933 1312 seditio
969 1281 1202 1327 umquam
1242 1265 1355 1323 fuit,
1397 1265 1451 1310 in
1491 1280 1589 1326 qua
1626 1279 1725 1309 non
1787 1288 1789 1293 .

226 1348 309 1395 ille
333 1349 595 1410 princeps?
632 1349 771 1411 ecqui
799 1348 1057 1395 seditiosus
1087 1347 1166 1394 cui
1196 1347 1278 1393 ille
1310 1363 1413 1392 non
1441 1345 1727 1392 familiaris?
1772 1376 1775 1378 -

224 1445 401 1491 ecquae
447 1429 733 1475 turbulenta
785 1428 947 1475 contio
988 1428 1126 1474 cuius
1166 1428 1249 1474 ille
1288 1444 1388 1473 non
1425 1425 1724 1473 concitator'l

225 1510 305 1556 cui
349 1510 473 1556 bene
519 1510 648 1556 dixit
693 1526 927 1572 umquam
971 1511 1132 1558 bono‘l
1190 1512 1314 1557 bene
1360 1510 1521 1556 dixit2
1576 1510 1726 1556 immo

225 1606 371 1651 quem
394 1589 572 1636 fortem
608 1601 658 1636 et
690 1591 873 1637 bonum
905 1591 1060 1637 civem
1090 1607 1191 1637 non
1231 1589 1619 1652 petulantissime
1652 1595 1728 1635 est
1787 1600 1789 1602 ·

226 1670 523 1717 insectatus?
580 1670 679 1732 qui,
728 1675 785 1716 ut
826 1671 981 1728 credo,
1020 1685 1120 1716 non
1161 1669 1380 1715 libidinis
1425 1685 1580 1725 causa,
1627 1668 1725 1724 sed,
1775 1682 1785 1715 ·,

227 1830 287 1876 de
320 1845 399 1876 me
446 1830 731 1892 suffragium
766 1830 899 1889 tulit,
943 1831 984 1876 is
1015 1830 1186 1887 adfuit,
1231 1830 1274 1875 is
1309 1829 1538 1874 interfuit
1572 1827 1730 1889 epulis

228 1918 279 1959 et
325 1913 740 1975 gratulationibus
781 1911 1142 1974 parricidarum.
1208 1911 1272 1957 In
1309 1925 1406 1971 quo
1442 1916 1609 1955 tamen
1655 1917 1730 1955 est

229 2009 306 2038 me
352 1993 500 2051 ultus,
537 2009 647 2039 cum
684 1993 769 2039 illo
809 2008 892 2039 ore
928 1991 1151 2037 inimicos
1201 1995 1275 2036 est
1320 2005 1452 2035 meos
1489 1990 1728 2036 saviatus:
1784 2006 1787 2059 Ιῑ

180 2059 185 2064 ’
229 2073 315 2135 qui
361 2073 501 2135 quasi
545 2089 654 2119 mea
699 2073 843 2135 culpa
888 2073 1018 2119 bona
1063 2071 1344 2134 perdiderit,
1386 2071 1460 2116 ita
1505 2056 1566 2116 ob
1623 2085 1730 2115 eam
1783 2099 1786 2134 3

229 2153 384 2215 ipsam
431 2169 625 2200 causam
666 2159 739 2200 est
785 2154 908 2199 mihi
954 2154 1196 2210 inimicus,
1250 2151 1364 2213 quia
1410 2150 1534 2196 nihil
1568 2150 1725 2195 habet.

234 2233 419 2280 Utrum
467 2250 553 2295 ego
597 2234 691 2280 tibi
735 2234 1087 2296 patrimonium
1135 2234 1307 2295 eripui,
1362 2232 1505 2290 Gelli,
1555 2248 1619 2277 an
1675 2238 1731 2276 tu

231 2315 519 2361 comedisti?
589 2316 720 2377 quid,
756 2321 813 2362 tu
850 2332 957 2362 meo
994 2315 1220 2378 periculo,
1253 2330 1426 2376 gurges
1462 2329 1518 2359 ac
1553 2328 1732 2374 vorago

231 2395 528 2457 patrimonii,
563 2396 856 2455 helluabare,
884 2401 955 2456 ut,
982 2397 1025 2442 si
1047 2411 1135 2458 ego
1170 2395 1338 2442 consul
1362 2410 1464 2440 rem
1487 2393 1731 2455 publicam

235 2481 406 2523 contra
429 2482 479 2522 te
505 2483 554 2522 et
577 2478 784 2539 gregalis
818 2482 931 2524 tuos
959 2477 1296 2533 defendissem,
1323 2475 1377 2521 in
1401 2475 1601 2520 civitate
1631 2489 1734 2518 esse
1778 2536 1782 2544 Δ

233 2573 310 2604 me
367 2557 555 2604 nolles‘l
606 2557 675 2604 Te
728 2574 870 2604 nemo
922 2564 1121 2605 tuorum
1178 2557 1346 2602 videre
1402 2555 1519 2612 volt,
1569 2570 1734 2600 omnes
1778 2546 1783 2564 ⁴

232 2636 435 2695 aditum,
497 2653 783 2696 sermonem,
839 2653 1148 2699 congressum
1211 2644 1353 2682 tuum
1402 2635 1629 2696 fugiunt,
1685 2638 1735 2679 te

235 2718 411 2764 sororis
447 2718 577 2764 filius
615 2718 912 2778 Postumius,
953 2719 1235 2765 adulescens
1271 2717 1433 2779 gravis
1490 2715 1632 2762 senili
1665 2715 1736 2760 iu-

235 2796 373 2855 dicio,
408 2798 616 2856 notavit,
653 2814 762 2844 cum
799 2798 852 2845 in
879 2814 1057 2860 magno
1081 2814 1284 2844 numero
1319 2802 1532 2843 tutorem
1570 2793 1736 2841 liberis
