1812 2950
753 107 980 157 NOTES
1525 102 1615 149 135

109 245 277 291 patam;
297 239 374 280 but
388 239 442 282 cf.
462 239 513 280 de
532 239 610 290 leg.
627 250 701 289 agr
720 251 754 278 11
773 240 792 288 5
811 239 862 278 89
879 238 1017 287 effusis
1038 248 1087 275 ac
1107 232 1618 284 dissupatisfructibus

113 296 274 344 vestris,
299 295 378 346 [or.
399 306 441 346 p.
462 292 600 334 Deiot.
625 296 647 343 5
668 293 717 332 11
735 293 1004 343 perturbatus
1025 296 1096 338 est,
1120 294 1168 328 ut
1187 289 1353 327 audivit
1373 288 1502 326 omnis
1529 297 1620 325 con-

112 349 279 398 sularis,
299 354 489 389 cunctum
506 353 704 394 senatum,
722 352 850 386 totam
869 346 1045 385 Italiam
1064 355 1145 383 esse
1166 343 1400 394 effusam.
1461 351 1496 380 J.
1511 351 1546 379 s.
1560 339 1620 389 R.]

192 449 224 491 l.
244 451 309 491 30.
369 450 710 490 commutatione
728 456 780 495 r.‚
808 443 990 492 ‘change
1009 443 1056 481 in
1075 440 1148 480 the
1167 438 1357 490 position
1376 438 1422 478 of
1439 437 1613 479 affairs.’

188 541 219 582 1.
241 542 308 583 31.
365 547 472 592 quid
491 555 682 593 agerem,
708 549 718 567 ‘
734 543 847 583 what
867 555 953 583 was
972 542 995 582 1
1013 544 1057 582 to
1078 541 1181 582 do?'
1214 540 1356 583 Madv.
1382 540 1455 583 Gr.
1479 543 1502 592 5
1522 542 1616 587 353,

111 595 270 647 Zumpt
290 597 365 638 Gr.
386 601 408 648 5
428 599 518 648 530,
543 598 680 638 Kenn.
702 597 777 638 Gr.
799 610 840 649 p.
864 599 940 638 339
963 609 997 636 11
1017 609 1056 636 E.

188 692 218 732 1.
240 695 305 735 32.
366 705 511 734 meum
539 705 673 743 prope
702 698 850 734 vestro
880 692 1087 743 defuisse]
1127 691 1241 742 quod
1278 690 1332 730 iis
1371 702 1446 741 pro
1485 688 1617 740 ipsius

109 747 248 787 salute
276 751 428 788 contra
458 748 655 788 Clodium
684 759 871 798 pugnare
901 745 1170 797 cupientibus
1202 758 1288 785 non
1323 744 1539 796 permisit;
1579 756 1617 783 v.

109 813 172 852 ep.
194 801 248 841 ad
267 802 370 843 fam.
395 813 412 841 1
432 803 470 843 9.
522 814 625 841 MAN.
693 801 755 842 Cf.
781 801 914 841 above
933 803 953 850 5
975 801 1025 840 36
1046 801 1074 839 l.
1098 801 1162 849 30,
1189 811 1249 838 or.
1270 811 1310 851 p.
1341 799 1484 838 Plane.
1515 801 1536 847 5
1565 798 1617 838 86

110 857 257 896 dixisti
276 868 359 895 non
377 857 585 895 auxilium
603 857 709 895 mihi
733 856 805 902 sed
833 868 899 895 me
930 856 1093 894 auxilio
1124 854 1364 904 defuisse,
1393 854 1415 902 5
1434 853 1486 893 89
1509 853 1618 891 hisce

109 922 180 960 eqo
199 911 376 950 auxiliis
394 911 543 949 salutis
562 923 673 949 meae
692 912 730 949 si
757 911 914 949 idcirco
944 909 1098 959 defui,
1124 910 1227 959 quia
1253 908 1370 947 nolui
1398 907 1611 954 dimicare,

101 964 281 1014 fatebor,
297 965 344 1004 id
363 965 474 1015 quod
491 966 568 1012 vis,
584 977 666 1004 non
684 965 790 1003 mihi
809 964 1019 1002 auaeilium
1037 963 1109 1002 sed
1126 975 1187 1001 me
1208 963 1371 1001 auxilio
1392 961 1616 1011 defuisse

106 1024 182 1060 etc.
243 1019 319 1061 See
338 1033 373 1061 J.
395 1033 430 1061 s.
451 1034 492 1063 R.
518 1021 565 1061 in
584 1020 790 1061 Addenda
810 1034 851 1072 p.
874 1022 967 1062 277.

189 1114 232 1152 Ρ.
253 1116 315 1159 21,
336 1113 358 1161 5
376 1115 439 1160 43,
464 1110 492 1152 1.
518 1111 556 1152 2.
628 1115 831 1159 pnvatus
859 1111 1015 1162 annis]
1043 1110 1183 1159 5401.
1207 1111 1272 1158 17,
1303 1122 1361 1150 or.
1391 1121 1434 1160 p.
1463 1108 1611 1149 Plane.

108 1167 130 1215 ἓ
150 1166 201 1206 88
220 1165 248 1206 l.
267 1167 291 1205 8
311 1178 427 1204 arma
447 1178 553 1216 quae
576 1167 813 1216 privatus
833 1166 883 1206 P.
905 1166 1048 1216 Scipio
1065 1171 1244 1215 ceperat.
1354 1167 1620 1205 vicissent——

107 1223 368 1260 interfectus
387 1221 521 1269 esset]
550 1219 616 1259 for
634 1222 676 1259 si
700 1221 967 1269 vicissent—‚
990 1221 1034 1258 si
1053 1219 1299 1269 intevfectus
1315 1224 1417 1258 esset
1423 1232 1439 1264 ;
1467 1217 1533 1257 for
1546 1216 1620 1257 the

110 1274 387 1324 suppression
416 1273 462 1312 of
484 1276 522 1312 si
552 1273 598 1312 in
625 1273 896 1322 conjunctive
922 1272 1108 1324 protasis
1136 1273 1189 1312 cf.
1211 1272 1317 1312 Hor.
1340 1271 1431 1311 Sat.
1452 1283 1480 1312 1.
1507 1272 1546 1319 3,
1568 1271 1620 1311 15

109 1329 270 1368 deciens
291 1333 465 1367 centena
494 1328 722 1367 dedisses
752 1328 850 1367 huic
871 1329 1255 1378 parco‚...quinque
1275 1327 1418 1366 diebus
1436 1326 1503 1365 nil
1528 1331 1620 1365 erat

109 1383 156 1422 in
187 1382 347 1430 loculis,
382 1381 470 1420 Cic.
500 1380 550 1421 de
579 1381 650 1421 off.
681 1393 735 1419 111
763 1383 785 1431 5
816 1382 866 1422 75
892 1381 920 1422 1.
948 1381 1012 1428 10,
1042 1381 1181 1420 Kenn.
1210 1380 1285 1420 Gr.
1311 1392 1354 1430 p.
1381 1379 1476 1426 473,
1496 1378 1620 1430 Roby

111 1434 184 1475 Gr.
205 1447 241 1474 11
261 1437 282 1485 5
303 1435 422 1483 1552,
446 1435 604 1486 Zumpt
625 1435 699 1474 Gr.
720 1438 741 1484 5
762 1436 856 1475 780.
912 1434 1003 1474 The
1022 1434 1220 1485 apodosis
1245 1434 1284 1473 is
1313 1432 1545 1474 contained
1571 1432 1619 1472 in

109 1490 213 1540 quid
232 1491 412 1529 deinde?
441 1496 515 1531 etc.
577 1489 618 1542 [I
638 1489 769 1529 doubt
788 1488 979 1529 whether
996 1491 1035 1528 si
1055 1489 1092 1528 is
1112 1487 1317 1535 omitted3
1349 1488 1436 1530 Cic.
1468 1498 1620 1527 means

114 1541 190 1582 ‘In
209 1543 306 1582 that
336 1555 431 1583 case
458 1543 532 1583 the
562 1543 855 1583 well-affected.
883 1543 1023 1582 would
1051 1543 1160 1583 have
1188 1554 1406 1582 overcome
1434 1541 1508 1582 the
1536 1540 1619 1580 dis·

109 1597 288 1638 affected
305 1597 332 1644 ;'
363 1597 437 1637 the
457 1597 673 1647 following
694 1597 830 1637 words
851 1598 1302 1648 interfectus—depelli
1329 1608 1443 1636 seem
1470 1598 1516 1635 to
1544 1594 1621 1635 fall

109 1651 154 1690 in
178 1651 278 1690 with
300 1651 388 1690 this
408 1651 734 1702 interpretation
755 1651 891 1691 better
910 1651 1017 1691 than
1037 1650 1141 1690 with
1160 1650 1234 1690 the
1255 1650 1390 1692 other.
1450 1662 1485 1690 J.
1504 1661 1538 1690 s.
1557 1650 1619 1700 R.]

110 1708 247 1746 fortes
283 1706 459 1756 inertis]
501 1705 592 1745 Liv.
627 1718 719 1744 xxu
753 1706 819 1753 60,
855 1707 906 1747 17
938 1707 984 1745 ni
1014 1707 1171 1745 strictis
1199 1706 1359 1756 yladiis
1389 1704 1620 1755 fortissimi

110 1761 297 1799 inertes
325 1762 645 1805 summovissent‚
669 1759 752 1800 Cic.
777 1759 823 1798 in
845 1760 937 1799 Cat.
959 1772 993 1798 11
1014 1762 1035 1809 5
1056 1761 1107 1799 10
1137 1760 1208 1798 hoc
1238 1761 1311 1810 qui
1332 1759 1448 1810 serre
1472 1760 1618 1809 possit,

111 1815 300 1853 inertes
333 1815 510 1853 homines
534 1815 843 1864 fortissimis
874 1817 979 1853 viris
1006 1814 1236 1853 insidiari?
1265 1813 1370 1852 Hor.
1392 1824 1445 1863 ep
1465 1823 1483 1851 1
1509 1812 1546 1861 5,
1568 1811 1618 1851 17

110 1868 281 1907 ebrietas
302 1868 358 1906 ad
375 1868 538 1918 proelia
558 1869 692 1907 trudit
720 1870 944 1907 inertem.
1003 1869 1119 1907 Iners
1138 1866 1356 1907 combines
1374 1866 1449 1906 the
1467 1864 1618 1905 notion

111 1923 156 1962 of
173 1920 382 1971 cowardly
401 1921 655 1962 remissness
676 1921 778 1961 with
799 1921 896 1962 that
916 1922 963 1962 of
980 1921 1107 1961 stolid
1127 1921 1412 1961 indifference.

190 2023 219 2064 1.
242 2025 280 2064 3.
327 2028 410 2065 hac
425 2036 515 2065 una
529 2029 744 2065 medicina
759 2026 869 2076 sola]
891 2025 944 2064 cf.
961 2024 1091 2064 below
1111 2026 1131 2073 5
1154 2024 1232 2063 130
1251 2036 1376 2063 unus
1400 2028 1460 2063 est
1483 2023 1619 2062 solus

110 2080 316 2124 inventus,
338 2080 412 2130 qui
441 2085 532 2125 etc„
561 2091 621 2119 or.
651 2079 698 2118 in
729 2079 813 2118 Pis.
843 2081 864 2128 5
894 2079 946 2120 96
976 2081 1082 2118 cives
1101 2079 1236 2125 Rom,
1259 2079 1404 2128 quiin
1432 2078 1490 2117 eis
1521 2078 1620 2116 locis

110 2134 391 2183 neyotiantur.
416 2138 454 2172 te
481 2145 625 2172 unum
650 2134 1012 2174 solum...hostem
1036 2134 1190 2172 venisse
1217 2136 1443 2171 senserunt.
1507 2130 1618 2170 Unus

110 2185 210 2226 does
225 2190 302 2226 not
322 2186 495 2226 exclude
516 2187 659 2226 others
678 2186 755 2226 but
775 2186 892 2236 gives
911 2186 1185 2237 prominence
1205 2189 1250 2226 to
1271 2197 1351 2226 one
1371 2184 1418 2224 in
1436 2183 1619 2236 particu-

113 2240 187 2287 lar,
208 2240 398 2280 whereas
417 2243 526 2281 solus
545 2241 739 2281 excludes
760 2241 818 2280 all
837 2241 994 2282 others.

190 2335 220 2375 1.
236 2335 275 2375 4.
321 2347 350 2377 a
367 2340 652 2385 reipublicae
672 2341 796 2385 peste
817 2338 994 2388 depelli]
1014 2337 1088 2376 i.e.
1116 2348 1142 2375 a
1167 2339 1314 2387 peste
1336 2333 1411 2374 rei
1433 2346 1474 2386 p.
1497 2333 1618 2374 infe·

111 2389 283 2439 tenda,
318 2390 454 2430 ‘from
483 2389 684 2441 bringing
711 2390 811 2430 ruin
841 2403 897 2430 on
925 2390 1000 2431 the
1030 2390 1172 2431 state.’
1230 2389 1293 2430 Of.
1320 2388 1371 2429 de
1400 2400 1461 2428 or.
1493 2388 1516 2427 1
1544 2390 1567 2438 5
1595 2388 1620 2427 3

102 2443 302 2494 fluctibus
323 2445 398 2495 qui
416 2456 496 2496 per
513 2456 585 2485 nos
615 2458 642 2484 a
670 2446 872 2485 communi
897 2450 1033 2495 peste
1063 2444 1225 2495 depulsi
1253 2444 1301 2483 in
1328 2447 1482 2483 nosmet
1509 2443 1620 2493 ipsos

111 2494 401 2536 redundarent.
424 2515 430 2521 ·
566 2499 673 2542 quid.
701 2499 872 2542 deinde,
895 2509 952 2536 sc.
966 2498 1133 2548 factum
1152 2502 1267 2541 esset.

199 2592 228 2631 1.
252 2593 288 2631 5.
344 2592 609 2640 praestaret]
630 2602 698 2629 see
717 2602 760 2630 n.
785 2601 842 2628 on
861 2591 882 2638 5
903 2591 954 2628 38
974 2588 1003 2627 1.
1028 2587 1091 2626 16.

200 2695 229 2736 l.
257 2693 296 2735 6.
351 2698 535 2742 sanguis
560 2692 840 2743 tnbumcius]
866 2702 965 2732 cum
983 2689 1181 2732 tribunus
1200 2687 1334 2740 plebis
1354 2690 1464 2728 esset
1483 2697 1618 2727 sacro-

121 2750 310 2790 sanctus.
363 2758 537 2787 mmm.
