1812 2950
161 139 221 208 12
524 139 595 188 M.
651 139 867 188 TULLI
910 139 1301 189 CICERONIS

154 269 300 328 mani,
334 270 547 331 excitati,
584 271 734 318 Italia
768 277 942 316 cuncta
972 276 1206 332 permota,
1243 285 1411 318 omnes
1445 270 1655 333 denique

151 349 369 396 omnium
415 366 647 412 generum
694 356 841 412 atque
887 349 1116 396 ordinum
1161 350 1291 403 cives
1328 365 1545 397 summae
1581 351 1653 398 rei

149 429 371 490 publicae
410 446 439 475 a
479 431 759 477 consulibus
793 438 940 492 atque
975 446 1004 476 a
1037 446 1226 476 summo
1256 429 1462 491 imperio
1489 437 1650 493 peten-

151 509 269 556 dum
303 526 406 557 esse
441 511 684 557 auxilium
719 510 1100 568 arbitrabantur,
1127 526 1237 557 cum
1267 509 1343 556 1111
1374 510 1466 556 8011
1492 518 1654 557 essent

149 596 342 684 praeter
387 590 624 638 furiosum
672 592 813 638 illum
863 591 1119 637 tribunum
1166 590 1263 637 duo
1309 590 1381 636 rei
1427 591 1650 652 publicae
1673 606 1696 639 ⁵

147 644 381 730 1111111ῗὲ8,
409 673 493 734 qui
517 689 616 719 non
647 672 790 718 modo
820 672 1166 734 praecipitanti
1193 672 1383 733 patriae
1416 686 1518 718 non
1545 673 1653 718 sub·

150 753 390 811 venirent,
418 753 502 800 sed
538 769 643 800 eam
679 753 886 799 nimium
919 752 1059 799 tarde
1089 752 1341 799 concidere
1364 758 1647 800 maererent.

151 834 491 896 Flagitabatur
537 835 599 881 ab
645 835 715 881 eis
760 834 936 881 cotidie
982 849 1091 880 cum
1139 833 1368 896 querellis
1413 834 1654 881 bonorum

149 915 380 971 omnium,
402 919 512 960 tum
547 915 695 961 etiam
726 914 951 976 precibus
989 918 1200 972 senatus,
1246 919 1303 960 ut
1342 930 1500 961 meam
1539 930 1650 961 cau·

148 1011 251 1042 sam
280 995 595 1057 susciperent,
624 1001 823 1057 agerent
870 995 1069 1058 aliquid,
1086 995 1296 1057 denique
1330 996 1392 1041 ad
1427 1002 1652 1042 senatum
1680 1010 1720 1042 10

145 1075 413 1123 referrent:
454 1092 555 1123 non
594 1077 737 1123 modo
783 1076 1019 1138 negando,
1063 1076 1147 1122 sed
1194 1075 1344 1122 etiam
1388 1076 1649 1123 inridendo

146 1157 501 1218 amplissimum
547 1172 790 1218 quemque
835 1156 969 1203 illius
1020 1156 1205 1202 ordinis
1251 1156 1646 1219 insequebantur.

60 1235 118 1283 26
143 1235 243 1283 Hic
278 1236 439 1283 subito
474 1252 585 1283 cum
620 1236 921 1284 incredibilis
954 1236 1008 1283 in
1045 1236 1346 1299 Capitolium
1380 1237 1651 1283 multitudo

147 1333 210 1364 ex
255 1322 360 1363 tota
406 1317 525 1363 urbe
573 1323 844 1378 cunctaque
889 1317 1038 1363 Italia
1097 1318 1415 1376 convenisset,
1465 1323 1652 1364 vestem

148 1397 433 1444 mutandam
470 1414 639 1445 omnes
674 1414 847 1460 meque
881 1398 981 1445 iam
1028 1399 1162 1445 omni
1208 1400 1401 1446 ratione
1457 1399 1653 1461 privato
1680 1412 1719 1444 15

147 1479 360 1537 consilio,
387 1479 616 1541 quoniam
648 1480 856 1541 publicis
891 1479 1096 1526 ducibus
1127 1495 1204 1527 res
1227 1480 1425 1542 publica
1448 1485 1648 1538 careret,

147 1560 507 1607 defendendum
538 1565 791 1623 putarunt.
865 1560 987 1607 Erat
1020 1561 1190 1608 eodem
1212 1566 1431 1623 tempore
1454 1567 1651 1607 senatus

146 1642 197 1688 in
222 1641 339 1689 aede
364 1641 672 1700 Concordiae,
700 1642 830 1704 quod
864 1642 1025 1704 ipsum
1055 1643 1295 1713 templum
1325 1646 1651 1704 repraesenta-

146 1724 231 1770 bat
277 1724 561 1770 memoriam
606 1724 888 1771 consulatus
926 1724 1035 1782 mei,
1077 1739 1187 1770 cum
1234 1703 1376 1770 110118
1392 1723 1651 1770 universus

145 1805 262 1851 ordo
308 1779 643 1851 cincinnatum
689 1820 838 1851 consu
860 1820 935 1850 em
982 1805 1185 1851 orabat·
1173 1838 1187 1861 ‚
1235 1821 1351 1851 nam
1396 1804 1522 1851 alter
1569 1804 1652 1851 ille
1678 1820 1719 1851 20

146 1885 372 1933 horridus
395 1890 446 1932 et
468 1901 664 1932 severus
698 1858 846 1932 cinisii
891 1901 918 1931 o
942 1901 992 1932 se
1016 1885 1147 1932 domi
1172 1885 1466 1932 continebat.
1539 1885 1649 1941 Qua

146 1972 255 2013 tum
277 1966 503 2028 superbia
531 1982 735 2013 caenum
769 1966 893 2012 illud
916 1982 972 2013 ac
995 1966 1127 2012 labes
1150 1965 1441 2028 amplissimi
1464 1965 1650 2012 ordinis

154 2058 323 2105 preces
359 2049 410 2091 et
443 2045 825 2092 clarissimorum
862 2045 1045 2092 civium
1084 2045 1310 2092 lacrimas
1349 2043 1646 2107 repudiavit,

150 2139 229 2170 me
252 2124 414 2186 ipsum
439 2131 498 2172 ut
521 2127 818 2188 contempsit
841 2126 1007 2172 helluo
1030 2126 1248 2188 patriae!
1285 2141 1400 2172 nam
1425 2125 1544 2187 quid
1562 2139 1650 2185 ego

155 2206 494 2267 ‘patrimonii'
513 2208 684 2267 dicam,
706 2208 839 2270 quod
856 2207 940 2254 ille
958 2211 1133 2266 totum,
1152 2191 1377 2269 qzssfflvffs
1392 2210 1651 2268 quaestum
1671 2217 1712 2250 25

152 2286 351 2345 faceret,
389 2288 589 2336 amisit?
659 2288 887 2336 Venistis
922 2289 984 2335 ad
1019 2295 1260 2347 senatum,
1297 2304 1397 2347 vos,
1430 2288 1649 2350 inquam,

152 2369 342 2431 equites
378 2369 594 2416 Romani
629 2374 680 2417 et
714 2386 881 2417 omnes
912 2370 1030 2416 boni
1061 2375 1198 2416 veste
1228 2374 1434 2437 mutata,
1468 2382 1652 2429 vosque

153 2466 241 2512 pro
259 2466 367 2497 meo
385 2451 545 2513 capite
562 2451 624 2498 ad
642 2452 787 2513 pedes
806 2452 996 2498 lenonis
1014 2451 1337 2512 impurissimi
1358 2450 1648 2512 proiecistis,

155 2547 280 2590 cum,
320 2532 498 2579 vestris
533 2533 760 2594 precibus
797 2533 859 2579 ab
897 2533 1088 2579 latrone
1124 2533 1210 2579 illo
1247 2531 1535 2594 repudiatis,
1573 2531 1653 2578 vir

155 2611 434 2658 incredibili
479 2612 589 2671 fide,
639 2611 983 2675 magnitudine
1031 2612 1200 2670 animi,
1249 2611 1541 2669 constantia,
1593 2611 1646 2658 L.
1673 2624 1715 2656 30

157 2692 388 2753 Ninnius,
416 2693 479 2740 ad
502 2698 728 2740 senatum
755 2694 814 2740 de
839 2709 892 2740 re
911 2693 1107 2755 publica
1124 2692 1335 2751 rettulit,
1356 2697 1653 2754 senatusque

156 2772 386 2834 frequens
419 2779 606 2820 vestem
641 2789 731 2836 pro
765 2788 874 2819 mea
916 2773 1075 2819 salute
1115 2771 1404 2819 mutandam
1446 2772 1650 2819 censuit.
