1812 2950
174 134 233 180 14
532 132 602 180 M.
655 131 872 180 TULLI
918 131 1299 182 CICERONIS

169 260 411 322 cupiebat,
441 260 495 306 in
527 260 755 307 contione
786 261 1025 323 relegavit
1056 262 1325 325 edixitque,
1358 268 1417 310 ut
1449 263 1511 310 ab
1542 264 1665 311 urbe

169 340 362 386 abesset
392 339 529 386 milia
561 355 794 401 passuum
827 339 1052 399 ducenta,
1079 341 1211 404 quod
1245 348 1373 396 esset
1404 358 1553 389 ausus
1577 359 1666 404 pro

169 421 279 482 civi,
309 437 399 484 pro
429 421 554 467 bene
586 422 763 468 merito
796 421 908 480 civi,
943 438 1032 484 pro
1059 424 1231 482 amico,
1264 439 1355 486 pro
1385 440 1439 471 re
1470 425 1667 487 publica

168 502 430 564 deprecari.

266 583 427 630 XIII.
503 582 636 640 Quid
678 583 770 630 hoc
809 583 1008 631 homine
1048 584 1199 631 facias
1239 590 1327 631 aut
1367 600 1464 648 0110
1510 585 1667 632 civem
1689 600 1710 633 5

168 664 510 726 importunum
546 669 634 711 aut
669 679 766 726 0110
801 664 967 727 potius
1001 664 1196 712 hostem
1232 672 1335 712 tam
1376 666 1667 712 sceleratum

169 745 420 792 reserves?
465 745 566 807 qui,
601 750 659 792 ut
690 745 918 792 omittam
953 751 1126 805 cetera,
1165 763 1289 809 quae
1325 752 1443 793 sunt
1477 746 1523 793 ei
1557 763 1669 793 cum

169 826 353 888 collega
378 825 587 871 immani
610 826 901 889 impuroque
925 828 1186 875 coniuncta
1209 834 1357 891 atque
1376 828 1666 886 communia,

169 906 260 953 hoc
284 922 441 953 unum
464 906 616 953 habet
639 908 907 969 proprium,
934 913 993 954 ut
1016 925 1079 954 ex
1101 909 1222 956 urbe
1254 908 1515 971 expulerit,
1552 908 1671 956 rele-

170 988 300 1051 garit
326 1005 428 1036 non
456 988 564 1036 dico
597 989 814 1051 equitem
847 989 1145 1051 Romanum,
1171 1006 1271 1038 non
1301 991 1667 1038 ornatissimum
1692 1006 1732 1038 10

171 1075 321 1132 atque
344 1071 590 1133 optimum
613 1071 791 1130 virum,
825 1087 927 1118 non
958 1072 1311 1119 amicissimum
1343 1073 1416 1120 rei
1445 1074 1671 1136 publicae

171 1152 344 1210 civem,
378 1168 479 1199 11011
506 1152 593 1199 1110
622 1152 728 1214 ipso
759 1157 980 1215 tempore
1010 1169 1111 1200 una
1140 1170 1252 1200 cum
1285 1159 1462 1200 senatu
1485 1159 1536 1201 et
1559 1170 1671 1201 cum

170 1232 313 1280 bonis
337 1233 566 1280 omnibus
590 1249 757 1280 casum
781 1233 928 1281 amici
950 1234 1121 1297 reique
1144 1235 1370 1296 publicae
1401 1235 1669 1297 lugentem,

172 1313 257 1360 sed
294 1313 451 1360 civem
490 1313 773 1361 Romanum
810 1314 917 1361 sine
954 1314 1057 1361 ullo
1094 1315 1276 1361 iudicio
1314 1320 1372 1361 ut
1410 1315 1568 1363 edicto
1608 1331 1670 1362 ex

90 1399 150 1446 30
171 1394 332 1457 patria
356 1394 526 1441 consul
558 1394 767 1443 eiecerit.
841 1395 988 1442 Nihil
1019 1396 1243 1443 acerbius
1271 1396 1388 1444 socii
1419 1402 1471 1443 et
1502 1397 1671 1443 Latini
1693 1414 1732 1446 15
1796 1428 1797 1465 3

171 1476 300 1523 ferre
324 1475 459 1523 soliti
482 1481 601 1522 sunt
624 1492 773 1538 quam
801 1492 864 1534 se,
899 1476 951 1523 id
984 1477 1115 1539 quod.
1148 1493 1348 1539 perraro
1381 1477 1574 1536 accidit,
1608 1493 1672 1524 ex
1796 1474 1797 1483 ¹

172 1556 294 1602 urbe
318 1555 454 1602 exire
477 1571 507 1601 a
530 1555 813 1602 consulibus
845 1555 1018 1602 iuberi.
1091 1556 1263 1618 Atque
1294 1556 1393 1603 illis
1424 1562 1534 1603 tum
1566 1561 1672 1604 erat

171 1636 360 1683 reditus
394 1636 449 1681 in
483 1651 596 1682 suas
631 1635 861 1683 civitates
896 1636 958 1682 ad
994 1653 1106 1683 suos
1142 1636 1292 1683 Lares
1328 1637 1584 1684 familiaris
1621 1642 1674 1684 et

171 1717 226 1763 in
239 1716 325 1763 1110
341 1717 588 1763 communi
606 1716 912 1763 incommodo
931 1717 1071 1764 nulla
1088 1717 1143 1763 in
1161 1733 1456 1780 quemquam
1474 1718 1673 1781 propria

171 1797 445 1859 ignominia
480 1797 778 1844 nominatim
813 1797 1031 1846 cadebat.
1106 1798 1220 1845 Hoc
1255 1815 1372 1845 vero
1407 1799 1527 1862 quid
1567 1801 1673 1847 est?
1693 1817 1734 1848 20

171 1878 527 1926 exterminabit
561 1878 684 1924 civis
720 1878 971 1925 Romanos
1007 1878 1167 1925 edicto
1202 1879 1373 1926 consul
1405 1896 1435 1926 a
1465 1880 1567 1926 suis
1597 1879 1673 1926 dis

172 1942 447 2020 penatibus,
499 1958 715 2020 expellet
762 1975 824 2005 ex
872 1959 1049 2020 patria,
1098 1959 1281 2020 deliget
1327 1975 1472 2022 quem
1522 1960 1669 2019 volet,

172 2039 428 2086 damnabit
459 2044 609 2101 atque
642 2039 787 2087 eiciet
818 2039 1146 2086 nominatim?
1215 2039 1328 2099 Hic,
1363 2040 1405 2086 si
1436 2055 1673 2101 umquam

173 2135 259 2166 vos
282 2135 377 2178 008,
405 2120 490 2181 0111
513 2136 646 2166 1111110
679 2120 808 2179 estis,
834 2120 889 2166 in
920 2135 974 2166 re
1004 2120 1201 2182 publica
1232 2120 1336 2167 fore
1363 2124 1600 2183 putasset,
1629 2119 1674 2166 si
1800 2167 1801 2170 ,

174 2198 386 2260 denique
409 2199 675 2261 imaginem
700 2200 995 2247 iudiciorum
1019 2205 1109 2247 aut
1132 2200 1449 2247 simulacrum
1472 2200 1674 2263 aliquod
1692 2216 1733 2249 25
1799 2187 1802 2264 Ξ

172 2278 400 2335 futurum
447 2279 502 2324 in
547 2279 751 2327 civitate
797 2280 1040 2343 reliquom
1088 2280 1386 2339 credidisset,
1435 2296 1672 2343 umquam

173 2377 322 2409 ausus
363 2366 490 2408 esset
530 2367 758 2408 senatum
798 2362 859 2408 de
895 2378 948 2409 re
985 2362 1184 2425 publica
1219 2362 1406 2421 tollere,
1447 2362 1671 2425 equitum

174 2443 514 2491 Romanorum
536 2458 702 2504 preces
725 2443 993 2506 aspernari,
1013 2443 1196 2490 civium
1221 2443 1432 2506 denique
1450 2445 1671 2490 omnium

173 2523 315 2571 novis
338 2528 388 2570 et
410 2523 651 2569 inauditis
675 2523 851 2570 edictis
874 2524 952 2570 ius
969 2523 1348 2585 libertatemque
1365 2524 1671 2586 pervertere?
1802 2561 1804 2573 .

86 2609 151 2658 31
174 2603 287 2651 Etsi
309 2619 388 2650 me
411 2603 758 2650 attentissimis
787 2603 979 2662 animis,
1006 2618 1197 2650 summa
1224 2618 1337 2649 cum
1364 2576 1669 2665 benigii'itate
1688 2621 1731 2654 30
1802 2638 1805 2672 z

174 2685 371 2743 auditis,
401 2684 602 2742 iudices,
637 2690 806 2731 tamen
838 2699 1011 2731 vereor
1041 2699 1104 2731 110
1139 2683 1251 2745 01118
1286 2656 1505 2730 vssb'ffbm
1540 2683 1668 2731 forte

175 2766 398 2823 miretur,
423 2765 545 2828 quid
566 2764 685 2812 haec
709 2780 818 2811 mea
841 2763 1000 2810 oratio
1024 2768 1130 2809 tam
1152 2762 1299 2825 longa
1322 2770 1411 2809 aut
1433 2767 1537 2809 tam
1568 2763 1668 2810 alte
