1812 2950
232 133 367 181 PRO
405 133 460 180 P.
500 129 744 181 SESTIO
782 128 1040 180 ORATIO
1073 127 1408 190 §3126-130
1547 128 1610 174 63

104 265 302 314 buna1ia
327 262 768 311 desideraverunt'l
793 260 973 308 Omnia
1008 260 1222 307 discessu
1258 274 1366 306 meo
1403 258 1608 317 deserta,

104 346 313 403 horrida,
340 349 493 400 muta,
514 342 660 405 plena
683 341 847 388 luctus
873 345 924 388 et
947 340 1183 388 maeroris
1207 339 1423 387 fuerunt.
1489 340 1611 395 Quis

103 431 178 474 est
217 425 396 472 Italiae
437 424 585 481 locus,
624 422 679 468 in
716 437 812 484 quo
853 437 954 468 non
991 422 1148 468 fixum
1194 421 1259 467 sit
1304 421 1358 467 in
1404 421 1612 483 publicis

104 512 433 561 monumentis
457 511 675 557 studium
701 509 876 555 salutis
900 525 1050 566 meae,
1077 508 1415 555 testimonium
1453 507 1608 570 digni-

44 610 78 642 ·⁶
106 594 255 640 tatisv

205 671 344 718 LXI.
415 671 548 717 Nam
584 669 704 732 quid
736 685 823 731 ego
864 669 950 715 illa
984 668 1044 715 de
1085 684 1162 714 me
1203 667 1373 714 divina
1414 673 1612 715 senatus
1639 669 1727 715 129

103 753 324 800 consulta
380 752 789 798 commemorem'l
849 750 928 796 vel
974 750 1106 812 quod
1152 750 1204 795 in
1251 750 1436 812 templo
1476 750 1612 797 Iovis

104 832 293 895 Optimi
317 831 531 878 Maximi
557 831 747 878 factum
782 835 872 888 est,
899 847 1009 877 cum
1034 830 1113 876 vir
1138 831 1193 889 is,
1220 831 1306 891 qui
1335 831 1611 893 tripertitas

104 912 235 959 orbis
272 918 516 959 terrarum
551 927 659 957 oras
700 916 849 973 atque
886 910 1109 973 regiones
1147 911 1308 957 tribus
1346 912 1611 974 triumphis

40 1010 76 1043 10
103 995 356 1042 adiunctas
387 994 502 1040 huic
539 994 746 1055 imperio
793 994 999 1052 notavit,
1041 993 1101 1039 de
1136 993 1320 1055 scripto
1367 995 1612 1041 sententia

12 1066 14 1070 ¹
105 1078 236 1124 dicta
261 1077 382 1123 mihi
405 1077 494 1122 uni
517 1076 856 1123 testimonium
881 1076 1070 1138 patriae
1103 1080 1414 1123 conservatae
1443 1077 1580 1123 dedit
1599 1095 1612 1136 3

105 1156 244 1203 cuius
279 1155 574 1202 sententiam
606 1155 678 1201 ita
714 1155 1140 1217 frequentissimus
1175 1161 1376 1202 senatus
1416 1161 1612 1203 secutus

106 1241 194 1295 est,
230 1241 288 1282 ut
328 1250 458 1282 unus
499 1235 780 1281 dissentiret
817 1234 972 1281 hostis
1026 1234 1174 1297 idque
1219 1235 1381 1297 ipsum
1429 1236 1611 1282 tabulis

107 1316 314 1378 publicis
359 1316 677 1362 mandaretur
723 1315 786 1361 ad
826 1315 1111 1362 memoriam
1146 1317 1329 1377 posteri
1375 1317 1611 1378 temporis

42 1409 78 1443 15
107 1396 491 1458 sempiternam3
551 1395 631 1441 vel
688 1395 820 1457 quod
866 1401 942 1441 est
988 1395 1224 1457 postridie
1264 1396 1514 1443 decretum
1559 1396 1612 1442 in

107 1476 241 1522 curia
279 1475 448 1538 populi
486 1475 640 1538 ipsius
684 1475 895 1522 Romani
926 1480 977 1521 et
1011 1491 1193 1535 eorum,
1232 1476 1318 1537 qui
1359 1492 1421 1522 ex
1457 1476 1614 1522 muni·

109 1555 249 1617 cipiis
289 1563 633 1614 convenerant,
659 1555 928 1614 admonitU,
976 1570 1039 1602 ne
1084 1556 1197 1617 quis
1243 1556 1303 1602 de
1343 1556 1476 1602 caelo
1517 1572 1611 1603 ser-

109 1641 262 1694 varet,
289 1652 350 1682 ne
390 1637 500 1699 quis
538 1652 723 1683 moram
763 1635 917 1682 ullam
957 1635 1176 1683 adferret
1191 1654 1205 1696 5
1242 1636 1284 1683 si
1322 1637 1432 1699 quis
1468 1638 1613 1684 aliter

108 1717 315 1776 fecisset,
342 1735 451 1764 eum
487 1718 631 1779 plane
656 1733 927 1765 eversorem
963 1718 1034 1764 rei
1068 1719 1291 1780 publicae
1325 1719 1429 1766 fore
1466 1719 1613 1782 idque

18 1855 19 1859 Ἰ
43 1814 83 1845 20
107 1803 330 1844 senatum
355 1799 642 1861 gravissime
666 1799 900 1857 laturum,
925 1804 975 1846 et
997 1804 1056 1845 ut
1079 1800 1248 1846 statim
1273 1800 1334 1847 de
1358 1801 1461 1847 eius
1484 1802 1613 1847 facto

18 1946 19 1951 1
109 1882 387 1930 referretur.
444 1880 552 1937 Qua
596 1882 842 1942 gravitate
875 1897 964 1930 sua
1000 1898 1112 1929 cum
1148 1882 1379 1945 frequens
1415 1890 1614 1931 senatus

18 1980 20 1995 ‚

108 1979 209 2009 non
253 1963 501 2009 nullorum
546 1964 704 2010 scelus
741 1964 1093 2026 audaciamque
1139 1965 1396 2025 tardasset,
1446 1974 1612 2014 tamen

108 2045 231 2092 illud
258 2045 449 2092 addidit
472 2050 542 2104 ut,
569 2046 610 2091 si
641 2046 813 2092 diebus
850 2046 1082 2109 quinque,
1112 2047 1291 2108 quibus
1332 2048 1412 2110 agi
1447 2049 1506 2095 de
1537 2066 1612 2095 me

107 2126 360 2188 potuisset,
385 2141 483 2172 non
499 2131 624 2173 esset
639 2132 816 2184 actum,
841 2127 1050 2174 redirem
1068 2128 1120 2174 in
1140 2129 1350 2190 patriam
1373 2129 1614 2192 dignitate

44 2221 82 2253 25
108 2207 243 2253 omni
264 2213 562 2269 recuperata.

209 2289 378 2337 LXII.
451 2290 686 2336 Decrevit
728 2291 897 2337 eodem
939 2296 1157 2352 tempore
1195 2297 1394 2339 senatus
1435 2298 1494 2339 ut
1535 2293 1611 2353 iis,
1641 2294 1731 2341 130

111 2372 195 2433 qui
235 2387 297 2418 ex
342 2376 449 2418 tota
486 2371 638 2418 Italia
679 2372 852 2419 salutis
898 2388 1033 2419 meae
1078 2388 1222 2419 causa
1267 2379 1612 2433 convenerant,

110 2458 369 2514 agerentur
399 2454 586 2515 gratiae
616 2458 765 2515 atque
801 2458 859 2500 ut
895 2453 1038 2509 idem,
1056 2455 1118 2501 ad
1150 2471 1227 2501 res
1259 2456 1520 2502 redeuntes
1557 2463 1614 2502 ut

111 2531 349 2589 venirent,
388 2536 690 2593 rogarentur.
783 2532 924 2579 Haec
961 2538 1067 2579 erat
1104 2534 1380 2580 studiorum
1418 2535 1470 2580 in
1508 2551 1617 2582 mea

22 2597 87 2682 ¹§so
111 2613 267 2660 salute
291 2614 544 2662 contentio
569 2619 627 2661 ut
658 2614 712 2674 ii,
738 2615 826 2678 qui
850 2631 879 2661 a
903 2620 1079 2662 senatu
1104 2616 1163 2663 de
1197 2633 1276 2663 me
1299 2617 1612 2679 rogabantur,

110 2693 267 2740 eidem
301 2694 494 2740 senatui
524 2710 612 2756 pro
640 2710 719 2741 me
754 2695 1102 2757 supplicarent.
1135 2695 1306 2759 Atque
1342 2697 1415 2744 ita
1448 2697 1503 2743 in
1539 2697 1618 2745 his

112 2773 254 2820 rebus
277 2788 404 2820 unus
429 2779 502 2820 est
525 2773 657 2820 solus
680 2774 928 2834 inventus,
955 2775 1039 2836 qui
1064 2776 1124 2821 ab
1149 2775 1238 2823 hac
1262 2781 1365 2822 tam
1397 2776 1618 2839 impensa
