1812 2950
174 147 246 207 „58
554 146 623 194 M.
677 147 886 194 ΝΜ]
934 146 1308 198 CICERONIS
1339 185 1341 187 .

179 275 314 321 tione
358 274 412 321 in
452 290 533 322 ore
579 275 760 337 impuri
816 275 1029 324 hominis
1085 277 1346 325 imminens
1403 279 1683 326 contionata

180 360 279 400 est:

1237 425 1391 484 ‘huic‚
1428 426 1549 486 Tite,

270 507 358 549 tua
392 503 500 565 post
534 503 775 566 principia
809 509 956 567 atque
990 505 1152 552 exitus
1188 506 1390 552 vitiosae
1424 505 1653 554 vitae-—l'
1802 537 1804 564 Q

184 596 392 643 Sedebat
415 596 737 653 exanimatus,
777 602 828 644 et
850 598 907 656 is,
933 598 1019 660 qui
1034 604 1179 645 antea
1198 603 1449 645 cantorum
1467 601 1683 646 convicio
1710 615 1730 646 5
1802 579 1803 652 l

183 675 433 723 contiones
478 677 716 724 celebrare
762 693 874 724 suas
920 678 1121 738 solebat,
1167 686 1423 724 cantoruzn
1470 680 1684 740 ipsorum

184 758 385 804 vocibus
431 758 708 805 eiciebat-ur.
781 759 847 805 Et
905 759 1136 822 quoniam
1193 760 1325 806 facta
1371 761 1555 807 mentio
1612 771 1686 807 est

184 840 425 899 ludorum,
466 857 528 887 ne
567 841 692 887 illud
729 841 927 903 quidem
968 843 1369 903 praetermittam,
1413 843 1466 888 in
1512 858 1687 904 magna

184 921 420 968 varietate
454 921 804 968 sententiarum
842 938 1112 984 numquam
1139 923 1297 968 ullum
1324 923 1475 969 fuisse
1510 923 1682 982 locum,

184 1003 237 1048 in
272 1019 367 1065 quo
398 1004 584 1065 aliquid
614 1021 643 1051 a
672 1011 814 1066 poe'ta
845 1005 1032 1051 dictum
1065 1005 1234 1051 cadere
1264 1005 1318 1051 in
1348 1012 1541 1067 tempus
1577 1021 1684 1051 nos·
1716 1021 1754 1051 10
1800 1003 1801 1022 ³

185 1090 318 1130 trum
349 1085 608 1139 videretur,
629 1086 758 1148 quod
789 1091 876 1132 aut
906 1081 1142 1148 populum
1174 1087 1458 1133 universum
1497 1087 1688 1148 fugeret

71 1166 159 1212 119
184 1171 272 1212 aut
307 1182 407 1213 non
439 1167 734 1228 exprimeret
770 1167 874 1229 ipse
908 1173 1054 1214 actor.
1127 1167 1195 1214 Et
1229 1183 1408 1230 quaeso
1442 1168 1533 1215 hoc
1566 1169 1685 1228 loco,

184 1247 380 1306 iudiceS‚
407 1264 469 1294 ne
494 1264 591 1310 qua
614 1248 818 1294 levitate
842 1265 918 1294 me
942 1249 1145 1295 ductum
1169 1249 1232 1295 ad
1256 1249 1509 1295 insolitum
1533 1264 1687 1311 genus

185 1327 378 1373 dicendi
413 1328 512 1374 labi
546 1328 745 1390 putetis,
785 1328 826 1374 si
861 1328 921 1374 de
955 1328 1124 1390 poetis,
1162 1328 1223 1374 de
1257 1328 1590 1385 histrionibus,
1628 1328 1687 1374 de
1798 1379 1799 1382 Ἴ

184 1410 313 1456 ludis
336 1410 388 1456 in
412 1410 592 1457 iudicio
615 1411 801 1473 loquar.
894 1410 1039 1458 LVI.
1077 1411 1194 1457 Non
1218 1427 1324 1457 sum
1349 1416 1451 1457 tam
1474 1410 1684 1472 ignarus,
1718 1427 1754 1457 15

185 1491 382 1550 iudices,
409 1508 676 1551 causarum,
696 1507 797 1538 11011
819 1497 920 1538 tam
946 1492 1159 1538 insolens
1173 1492 1227 1537 in
1244 1491 1461 1550 dicendo,
1478 1496 1535 1538 ut
1553 1492 1687 1537 omni

187 1588 248 1617 ex
270 1587 444 1633 genere
469 1573 736 1619 orationem
763 1589 976 1635 aucuper
1000 1577 1051 1619 et
1082 1573 1239 1619 omnis
1270 1572 1486 1634 undique
1521 1573 1686 1619 floscu-

187 1652 256 1697 los
282 1668 474 1714 carpam
499 1660 646 1714 atque
675 1653 898 1699 delibem.
971 1651 1079 1699 Scio
1111 1652 1230 1714 quid
1259 1653 1473 1714 gravitas
1507 1658 1684 1711 vestra,

185 1732 304 1792 quid
332 1732 449 1780 haec
474 1734 742 1791 advocatio,
770 1733 890 1796 quid
914 1733 996 1780 ille
1020 1738 1306 1792 conventus,
1332 1733 1450 1795 quid
1474 1733 1688 1794 dignitas

199 1809 253 1857 P.
293 1808 438 1868 Sesti,
486 1808 606 1870 quid
651 1809 858 1869 periculi
891 1810 1191 1870 magnitudo,
1229 1811 1349 1871 quid
1384 1819 1531 1866 aetas,
1568 1809 1687 1871 quid
1710 1826 1750 1857 20

1788 1215 1801 1258 ³1

1784 1260 1799 1314 ἱ,

197 1891 350 1936 honos
374 1905 510 1935 meus
534 1890 759 1951 postulet.
822 1889 917 1936 Sed
940 1890 1064 1935 mihi
1081 1891 1267 1952 sumpsi
1285 1891 1374 1936 hoc
1393 1891 1497 1937 loco
1515 1891 1688 1937 doctri—

197 1987 311 2017 nam
336 1971 583 2033 quandam
607 1971 873 2029 iuventuti,
900 1971 986 2032 qui
1010 1975 1172 2017 essent
1199 1971 1472 2032 optimateS.
1543 1970 1609 2016 In
1631 1986 1689 2016 ea

196 2052 484 2114 explicanda
508 2051 941 2098 demonstrandum
965 2056 1039 2097 est
1062 2067 1162 2098 non
1193 2068 1294 2098 esse
1318 2052 1566 2114 popularis
1588 2068 1686 2098 om-

196 2134 274 2180 nis
289 2149 382 2191 eos,
403 2133 490 2195 qui
505 2138 754 2195 putentur.
793 2133 855 2178 Id
870 2133 1100 2178 facillime
1115 2148 1392 2195 consequar,
1411 2134 1453 2179 si
1470 2133 1688 2179 universi
1791 2190 1793 2198 y

196 2215 367 2278 populi
401 2215 635 2261 iudicium
674 2231 845 2260 verum
881 2226 931 2260 et
965 2215 1303 2276 incorruptum
1339 2220 1389 2261 et
1417 2216 1459 2261 si
1486 2215 1687 2261 intimos
1709 2230 1747 2261 25
1791 2240 1793 2242 ·

85 2301 174 2349 120
197 2311 365 2343 sensus
379 2295 596 2342 civitatis
610 2311 904 2357 expressero.
944 2294 1076 2351 Quid
1091 2295 1189 2341 fuit
1205 2295 1341 2352 illud,
1359 2294 1488 2356 quod
1504 2297 1686 2342 recenti

195 2377 374 2423 nuntio
409 2376 469 2422 de
502 2375 590 2422 illo
625 2380 824 2422 senatus
858 2375 1096 2434 consulto,
1133 2375 1265 2437 quod
1299 2376 1485 2421 factum
1519 2381 1594 2421 est
1632 2376 1686 2422 in

195 2456 378 2519 templo
402 2455 635 2514 Virtutis,
663 2455 724 2501 ad
747 2455 889 2501 ludos
911 2471 1228 2516 scaenamque
1251 2456 1438 2517 perlato
1461 2470 1685 2502 consessu

194 2539 409 2584 maximo
433 2552 651 2583 summus
669 2535 852 2581 artifex
876 2541 928 2581 et
944 2551 1021 2581 me
1040 2535 1235 2581 hercule
1257 2551 1447 2597 semper
1469 2537 1684 2597 partium

193 2618 247 2664 in
269 2633 321 2663 re
345 2615 540 2679 publica
564 2620 665 2661 tam
690 2631 837 2676 quam
868 2615 921 2660 in
953 2630 1126 2661 scaena
1156 2615 1451 2677 optimarum
1482 2616 1604 2663 flens
1635 2624 1684 2663 et
1705 2628 1748 2662 m

192 2698 379 2746 recenti
401 2697 592 2744 laetitia
615 2703 666 2742 et
690 2696 847 2742 mixto
871 2695 1035 2742 dolore
1059 2712 1115 2742 ac
1139 2696 1377 2742 desiderio
1395 2697 1489 2743 mei
1504 2698 1603 2760 egit
1620 2699 1683 2744 ad

193 2778 427 2841 populum
475 2778 754 2824 Romanum
803 2778 958 2824 multo
992 2778 1298 2840 gravioribus
1331 2778 1490 2826 verbis
1525 2795 1681 2825 meam
