1812 2950
203 123 264 171 36
563 123 631 172 M.
687 124 905 172 TULLI
947 122 1329 175 CICERONIS

200 250 415 310 gravitas
430 249 483 297 P.
508 250 707 299 Lentuli
731 251 943 297 consulis
966 251 1128 309 fuerit,
1150 266 1274 313 quae
1297 251 1448 297 etiam
1486 250 1695 313 collegae

202 329 307 377 eius
330 331 597 378 moderatio
616 331 675 377 de
698 347 775 377 me
795 349 805 379 z
842 330 927 393 qui
950 347 1062 377 cum
1085 331 1368 378 inimicitias
1391 331 1485 378 sibi
1507 348 1695 378 mecum

202 426 265 457 ex
287 412 359 458 rei
385 411 606 474 publicae
641 411 938 458 dissensione
969 417 1217 474 susceptas
1245 428 1347 458 esse
1375 412 1590 469 dixisset,
1618 428 1697 458 eas

205 506 256 538 se
278 492 502 554 patribus
525 492 810 554 conscriptis
833 492 964 542 dixit
986 498 1037 539 et
1060 493 1361 554 temporibus
1384 493 1456 539 rei
1478 493 1699 555 publicae
1789 547 1791 554 Α

203 572 565 633 permissurum.
1461 623 1463 626 ¹
1724 587 1744 617 5
1789 567 1791 630 ξ

115 653 177 703 73
299 653 556 701 XXXIV.
630 654 753 700 Tum
794 653 1019 716 princeps
1059 660 1258 716 rogatus
1304 654 1595 701 sententiam
1641 654 1692 700 L.

206 732 352 782 Cotta
375 734 505 781 dixit
538 734 604 792 id,
630 734 760 796 quod
784 734 1125 796 dignissimum
1148 750 1200 780 re
1223 734 1419 796 publica
1441 734 1549 791 fuit,
1577 733 1701 779 nihil

205 815 266 862 de
311 831 389 861 me
433 820 599 862 actum
636 830 738 862 esse
777 815 898 873 iure,
940 814 1066 861 nihil
1111 830 1244 861 more
1284 815 1537 874 maiorum,
1576 814 1703 860 nihil

207 897 423 959 legibus,
465 912 564 943 non
600 912 739 959 posse
776 912 1070 958 quemquam
1107 896 1167 942 de
1208 896 1405 943 civitate
1444 896 1554 942 tolli
1600 896 1703 941 sine

206 977 418 1038 iudicio;
464 977 524 1023 de
561 977 719 1039 capite
764 993 865 1023 non
909 977 1052 1023 modo
1098 977 1228 1035 ferri,
1272 977 1356 1023 sed
1400 992 1462 1022 ne
1498 976 1706 1022 iudicari

207 1058 405 1120 quidem
451 1073 590 1119 posse
635 1057 732 1104 nisi
777 1058 988 1104 comitiis
1034 1057 1351 1116 centuriatis3
1406 1057 1509 1102 vim
1554 1055 1705 1102 fuisse

206 1138 361 1198 illam,
409 1138 655 1184 flammam
701 1143 955 1201 quassatae
1004 1139 1077 1185 rei
1128 1139 1349 1200 publicae
1404 1137 1706 1200 perturbato-

208 1235 414 1282 rumque
452 1226 748 1281 temporum;
770 1220 876 1266 iure
917 1220 1206 1281 iudiciisque
1248 1219 1466 1278 sublatis,
1531 1235 1707 1281 magna

209 1315 375 1346 rerum
397 1301 757 1362 permutatione
781 1301 1094 1362 impendente
1117 1300 1381 1347 declinasse
1404 1316 1482 1346 me
1506 1299 1706 1362 paulum

210 1384 261 1426 et
297 1395 381 1442 spe
417 1379 634 1441 reliquae
665 1381 1045 1442 tranquillitatis
1079 1382 1346 1443 praesentis
1380 1381 1557 1427 fluctus
1591 1385 1709 1425 tem-

211 1464 547 1522 pestatemque
571 1459 750 1521 fugisse
771 1478 780 1507 :
816 1476 980 1521 quare,
1007 1476 1117 1507 cum
1140 1462 1313 1508 absens
1337 1477 1440 1508 rem
1462 1460 1708 1523 publicam

212 1556 312 1588 non
347 1540 512 1587 minus
551 1541 742 1603 magnis
779 1541 1008 1603 periculis
1056 1558 1203 1604 quam
1242 1543 1452 1605 quodam
1492 1548 1709 1604 tempore
1795 1579 1797 1586 ,

212 1637 439 1685 praesens
474 1622 766 1681 liberassem,
793 1638 892 1669 non
923 1622 1119 1670 restitui
1150 1639 1227 1670 me
1259 1624 1430 1682 solum,
1456 1624 1540 1670 sed
1563 1624 1710 1670 etiam

215 1702 381 1750 ornari
410 1718 439 1748 a
462 1706 635 1748 senatu
666 1702 846 1749 decere.
920 1702 1208 1765 Disputavit
1236 1704 1385 1750 etiam
1415 1704 1572 1750 multa
1602 1720 1712 1765 pru-

216 1782 401 1840 denter,
427 1781 500 1828 ita
530 1782 590 1828 de
625 1798 702 1828 me
733 1782 875 1828 illum
903 1783 1291 1830 amentissimum
1314 1789 1364 1830 et
1387 1783 1715 1846 profligatissi-
1799 1807 1803 1831 a

216 1879 352 1909 mum
375 1862 563 1910 hostem
587 1863 787 1924 pudoris
805 1868 855 1910 et
872 1864 1135 1926 pudicitiae
1158 1865 1402 1926 scripsisse
1424 1881 1548 1926 quae
1571 1864 1715 1926 scrip·
1798 1866 1801 1897 Ῑ

219 1943 374 2001 sisset,
421 1942 484 1989 iis
512 1943 687 2001 verbis,
726 1944 882 2003 rebus,
927 1945 1197 2003 sententiis,
1235 1950 1305 2003 ut,
1346 1945 1496 1991 etiam
1530 1944 1572 1991 si
1607 1944 1715 1990 iure

219 2028 346 2070 esset
376 2028 615 2085 rogatum,
631 2030 810 2071 vtamen
843 2024 945 2071 vim
972 2025 1151 2072 habere
1180 2041 1282 2072 non
1314 2031 1503 2087 posset:
1544 2040 1642 2086 qua
1665 2039 1717 2070 re

220 2118 312 2161 me,
355 2103 442 2164 qui
486 2103 624 2150 nulla
668 2104 773 2167 lege
812 2106 1042 2165 abessem,
1085 2121 1186 2152 non
1230 2105 1427 2151 restitui
1471 2104 1589 2166 lege,
1634 2103 1719 2149 sed

135 2183 196 2231 '74
218 2184 434 2231 revocari
479 2189 678 2231 senatus
723 2187 1015 2233 auctoritate
1061 2191 1296 2248 oportere.
1381 2185 1533 2232 Hunc
1578 2200 1721 2230 nemo

224 2270 329 2311 erat
374 2265 495 2326 quin
540 2267 789 2313 verissime
835 2268 1015 2314 sentire
1061 2268 1257 2314 diceret.
1316 2266 1415 2314 Sed
1453 2271 1562 2329 post
1608 2281 1720 2312 eum

225 2350 423 2408 rogatus
464 2346 550 2395 On.
591 2347 853 2410 Pompeius
899 2349 1165 2411 adprobata
1208 2348 1503 2410 laudataque
1550 2347 1722 2393 Cottae
1811 2402 1812 2415 χ

227 2426 471 2473 sententia
504 2427 633 2474 dixit
668 2444 768 2475 sese
803 2429 893 2475 otii
927 2430 1023 2476 mei
1057 2445 1213 2489 causa,
1241 2434 1300 2476 ut
1332 2428 1467 2476 omni
1500 2427 1724 2490 populari
1811 2475 1812 2478 ,

230 2507 553 2554 concitatione
576 2508 879 2571 defungerer,
906 2526 1099 2556 censere
1122 2516 1180 2557 ut
1202 2511 1263 2556 ad
1294 2514 1491 2556 senatus
1521 2508 1726 2555 auctori-
1779 2498 1782 2500 ’
1810 2527 1812 2581 j

232 2591 381 2633 tatem
439 2588 607 2648 populi
657 2604 849 2650 quoque
895 2589 1107 2636 Romani
1156 2590 1443 2638 beneficium
1492 2606 1605 2651 erga
1650 2604 1726 2634 me

233 2667 592 2729 adiungeretur.
666 2669 789 2716 Cum
813 2685 979 2716 omnes
1007 2670 1232 2716 certatim
1254 2670 1476 2732 aliusque
1498 2670 1593 2716 alio
1616 2683 1723 2731 gra-
1792 2691 1798 2706 ι

235 2747 345 2793 vius
368 2752 516 2810 atque
555 2750 776 2796 ornatius
817 2750 876 2797 de
917 2767 1024 2797 mea
1060 2750 1217 2798 salute
1255 2751 1459 2798 dixisset
1495 2751 1727 2809 fieretque
1789 2742 1798 2770 '³
