1812 2950
0 1001 7 1006 '¹
25 1021 64 1054 ιο

262 143 400 192 PRO
435 143 493 192 P.
532 140 777 190 SESTIO
814 139 1068 189 ORATIO
1101 142 1147 202 ἐξ
1182 140 1378 189 64-68
1540 143 1601 192 33

95 276 205 339 quis
246 275 539 339 legationem
579 290 610 320 a
649 278 826 321 senatu
866 273 1100 336 petebat?
1152 273 1415 320 Damnatis
1451 274 1511 321 de
1551 275 1604 323 vi

94 358 355 416 restitutio,
387 356 669 405 consulatus
692 355 869 418 petitio
891 354 989 416 ipsi
1019 354 1095 400 illi
1117 353 1343 417 populari
1366 356 1603 403 sacerdoti

93 439 476 501 comparabatur.
557 437 698 483 Haec
742 435 1003 498 gemebant
1043 434 1173 492 boni,
1209 434 1472 496 sperabant
1517 435 1603 482 im·

93 519 246 582 probi,
271 520 446 581 agebat
468 519 698 565 tribunus
722 515 892 579 plebis,
920 515 1144 562 consules
1167 515 1483 562 adiuvabant.

192 599 398 648 XXXI.
472 598 573 645 Hic
609 597 888 660 aliquando,
930 597 1084 644 serius
1118 612 1267 658 quam
1299 596 1404 659 ipse
1441 596 1604 654 vellet,
1633 597 1693 646 67

92 680 181 728 Gn.
215 681 479 744 Pompeius
510 679 823 727 invitissimis
863 678 938 735 iis,
972 679 1059 741 qui
1090 683 1309 725 mentem
1336 679 1512 741 optimi
1547 695 1603 726 ac

90 763 346 810 fortissimi
369 763 466 809 viri
489 761 589 809 suis
613 761 831 808 consiliis
855 761 1080 823 fictisque
1103 760 1375 807 terroribus
1397 776 1427 806 a
1444 760 1604 832 defen-

89 845 224 892 sione
266 859 404 892 meae
448 844 620 891 salutis
661 847 958 897 averterant,
1001 842 1240 888 excitavit
1285 842 1425 889 illam
1465 859 1603 891 suam

0 942 1 975 1
88 941 187 973 non
212 925 434 988 sopitam,
462 925 546 972 sed
570 924 843 987 suspicione
874 923 1042 986 aliqua
1070 923 1370 970 retardatam
1403 940 1601 972 consue-

87 1007 313 1054 tudinem
351 1006 425 1053 rei
463 1006 688 1069 publicae
725 1006 850 1052 bene
882 1004 1140 1067 gerendae.
1172 1003 1292 1052 Non
1323 1009 1397 1051 est
1431 1021 1601 1068 passus

89 1087 172 1134 ille
196 1087 287 1147 vir,
314 1087 400 1150 qui
423 1087 819 1134 sceleratissimos
851 1086 986 1145 civis,
1021 1086 1109 1149 qui
1143 1086 1404 1133 acerrimos
1430 1086 1598 1145 hostis,

89 1169 176 1231 qui
220 1169 458 1214 maximas
504 1169 742 1227 nationes,
791 1167 878 1230 qui
923 1183 1074 1230 reges,
1124 1168 1211 1230 qui
1255 1167 1417 1231 gentis
1472 1168 1601 1216 feras

87 1253 238 1311 atque
268 1249 533 1306 inauditas,
559 1249 646 1310 qui
668 1248 968 1311 praedonum
998 1247 1247 1295 infinitam
1274 1264 1489 1308 manum,
1516 1251 1603 1314 qui

87 1329 238 1376 etiam
261 1329 464 1376 servitia
488 1331 675 1376 virtute
698 1329 1003 1391 victoriaque
1027 1329 1310 1390 domuisset,
1336 1331 1422 1394 qui
1451 1332 1601 1378 omni-

86 1411 179 1458 bus
213 1411 355 1457 bellis
388 1416 522 1458 terra
555 1411 778 1473 marique
813 1411 1100 1474 compressis
1134 1412 1397 1474 imperium
1431 1414 1601 1476 populi

87 1491 304 1538 Romani
338 1492 468 1539 orbis
502 1497 745 1539 terrarum
779 1492 1006 1540 terminis
1042 1492 1307 1553 definisset,
1343 1509 1448 1540 rem
1483 1495 1600 1556 pub-

10 1594 13 1608 »
87 1571 233 1618 licam
279 1573 436 1619 everti
481 1574 660 1620 scelere
705 1589 987 1636 paucorum,
1037 1589 1187 1635 quam
1231 1573 1340 1635 ipse
1382 1590 1484 1620 non
1525 1591 1597 1622 so-

87 1653 192 1700 lum
224 1655 449 1715 consiliis,
487 1656 572 1702 sed
603 1655 754 1702 etiam
786 1656 1023 1717 sanguine
1047 1671 1135 1701 suo
1160 1671 1303 1717 saepe
1330 1661 1598 1704 servasset:

88 1735 290 1782 accessit
323 1736 386 1783 ad
416 1753 610 1784 causam
643 1737 907 1800 publicam,
961 1737 1148 1783 restitit
1183 1736 1477 1783 auctoritate
1513 1753 1599 1784 sua

86 1817 290 1879 reliquis
320 1818 479 1878 rebus,
514 1824 719 1881 questus
757 1824 833 1866 est
864 1819 924 1865 de
955 1818 1250 1882 praeteritis.
1280 1817 1414 1866 Fieri
1454 1835 1597 1882 quae—

87 1897 199 1943 dam
232 1898 294 1944 ad
325 1899 576 1946 meliorem
613 1915 748 1962 spem
777 1899 1035 1946 inclinatio
1066 1899 1173 1946 visa
1208 1906 1294 1948 est.
1368 1900 1603 1947 Decrevit
1628 1901 1687 1950 68

86 1983 287 2026 senatus
309 1978 540 2042 frequens
563 1979 624 2026 de
647 1996 757 2027 meo
773 1980 938 2027 reditu
956 1980 1202 2028 Kalendis
1220 1981 1397 2042 Iuniis,
1414 1982 1596 2029 dissen-

85 2058 242 2106 tiente
271 2059 423 2119 nullo,
455 2061 700 2108 referente
727 2061 783 2110 L.
814 2061 1019 2119 Ninnio,
1054 2062 1194 2108 cuius
1221 2063 1276 2108 in
1313 2078 1423 2109 mea
1453 2079 1599 2110 causa

86 2156 358 2204 numquam
415 2142 534 2190 fides
591 2143 848 2206 virtusque
906 2143 1215 2192 contremuit.
1311 2143 1597 2192 Inter-cessit

85 2221 238 2286 Ligus
293 2223 388 2271 iste
451 2225 616 2272 nescio
673 2225 774 2287 qui,
835 2225 1230 2272 additamentum
1287 2225 1597 2273 inimicorum

85 2319 319 2353 meorum.
391 2305 493 2353 Res
531 2310 639 2353 erat
676 2311 727 2352 et
767 2322 914 2353 causa
954 2310 1123 2353 nostra
1163 2321 1220 2352 eo
1259 2305 1359 2352 iam
1394 2305 1501 2366 loci,
1540 2314 1597 2353 ut

86 2385 271 2448 erigere
303 2387 467 2434 oculos
498 2392 549 2434 et
571 2387 740 2434 vivere
764 2387 1027 2434 videretur.
1102 2386 1336 2450 Quisquis
1364 2393 1483 2447 erat,
1504 2390 1597 2450 qui

85 2465 300 2529 aliquam
341 2474 530 2530 partem
568 2469 621 2514 in
658 2485 767 2515 meo
804 2469 944 2515 luctu
985 2468 1178 2515 sceleris
1221 2468 1448 2516 Clodiani
1484 2471 1596 2515 atti-

84 2547 247 2609 gisset,
297 2565 606 2612 quocumque
654 2555 871 2608 venerat,
921 2550 1053 2612 quod
1105 2549 1339 2596 iudicium
1389 2565 1595 2613 cumque

27 2641 62 2675 ιο
89 2629 321 2691 subierat,
349 2631 708 2681 damnabatur:
745 2632 1092 2679 inveniebatur
1118 2647 1274 2691 nemo,
1305 2631 1391 2693 qui
1421 2647 1471 2677 se
1501 2633 1593 2678 suf-

87 2709 298 2773 fragium
345 2711 407 2760 de
452 2728 531 2759 me
578 2713 746 2759 tulisse
794 2714 1120 2760 confiteretur.
1202 2713 1487 2759 Decesserat
1532 2729 1593 2760 ex

87 2792 209 2839 Asia
246 2793 401 2840 frater
437 2810 574 2841 meus
620 2811 797 2858 magno
843 2796 1080 2857 squalore,
1120 2794 1205 2841 sed.
1246 2794 1402 2840 multo
1443 2795 1590 2842 etiam

225 2909 272 2941 H.
1434 2899 1460 2942 3
