1812 2950
345 125 480 175 PRO
517 126 571 173 P.
612 124 853 174 SESTIO
892 122 1146 173 ORATIO
1180 124 1226 185 §5
1263 123 1391 171 2-7
1587 123 1614 169 3

112 258 341 305 universa
387 256 664 304 defensione
709 255 835 301 nihil
893 271 923 302 a
989 271 1066 302 me
1113 254 1243 317 quod
1290 254 1352 300 ad
1398 258 1614 300 vestram

114 338 459 401 quaestionem,
491 337 616 384 nihil
651 336 781 399 quod
815 337 877 383 ad
910 352 1063 395 reum,
1093 335 1218 382 nihil
1254 334 1384 397 quod
1419 334 1481 379 ad
1515 349 1618 380 rem

115 418 359 480 publicam
389 418 649 481 pertineat,
673 417 1070 479 praetermissum
1111 431 1214 463 esse
1255 415 1513 472 videatur-3
1569 418 1618 459 et

8 555 9 572 ἢ
115 500 346 562 quoniam
377 499 431 546 in
457 499 757 562 gravissimis
790 499 1093 561 temporibus
1128 496 1346 544 civitatis
1381 500 1530 558 atque
1564 495 1618 540 in

8 584 9 640 ζ
71 596 90 628 5
117 581 274 628 ruinis
301 596 496 628 eversae
519 585 667 642 atque
690 580 915 627 adflictae
939 579 1010 626 rei
1034 579 1255 642 publicae
1279 577 1334 625 P.
1364 577 1494 624 Sesti
1537 576 1619 622 tri-

7 671 10 699 1
117 662 332 708 bunatus
366 667 440 708 est
470 677 499 708 a
530 661 751 708 Fortuna
782 661 888 723 ipsa
937 660 1213 718 collocatus,
1241 675 1341 706 non
1364 656 1620 720 adgrediar

117 741 179 788 ad
208 742 295 789 illa
317 742 531 789 maxima
554 747 702 803 atque
732 740 1033 803 amplissima
1064 740 1201 802 prius
1233 754 1379 801 quam
1413 738 1620 784 docuero

120 823 297 885 quibus
324 823 482 870 initiis
513 839 569 870 ac
600 822 933 869 fundamentis
965 821 1082 868 haec
1116 825 1285 868 tantae
1327 820 1531 868 summis
1569 819 1623 865 in

119 905 262 952 rebus
285 904 454 952 laudes
477 905 718 952 excitatae
742 904 855 951 sint.

54 1002 92 1032 10
217 985 318 1033 III.
390 985 601 1032 Parente
625 985 678 1032 P.
709 985 896 1032 Sestius
920 988 1067 1030 natus
1085 988 1170 1043 est,
1195 981 1394 1039 iudices,
1410 981 1622 1041 homine,
1651 982 1678 1028 6

119 1072 177 1114 ut
198 1067 417 1129 plerique
440 1067 745 1126 meministis,
773 1075 823 1113 et
846 1065 1066 1128 sapiente
1090 1068 1140 1111 et
1164 1067 1331 1110 sancto
1353 1068 1405 1111 ct
1426 1078 1593 1110 severo
1613 1080 1623 1109 t

121 1148 206 1211 qui
229 1164 340 1194 cum
357 1147 587 1195 tribunus
610 1147 766 1210 plebis
788 1146 976 1210 primus
994 1146 1126 1192 inter
1142 1144 1365 1191 homines
1382 1143 1624 1192 nobilissi-

121 1246 222 1277 mos
245 1229 547 1292 temporibus
571 1229 767 1291 optimis
790 1229 948 1275 factus
971 1231 1109 1285 esset,
1129 1225 1333 1288 reliquis
1356 1225 1625 1303 honoribus

121 1326 222 1358 non
255 1316 357 1357 tam
388 1309 466 1356 ut‘i
500 1310 658 1357 voluit
689 1325 836 1372 quam
866 1308 1043 1391 dignus
1078 1307 1245 1355 videri.
1321 1283 1394 1353 Εο
1427 1287 1626 1353 auctore

57 1407 95 1440 15
121 1392 266 1438 duxit
305 1391 637 1438 honestissimi
683 1396 733 1438 et
780 1368 1124 1453 spectat1SS1mi
1169 1388 1279 1446 viri,
1330 1387 1382 1437 O.
1431 1387 1624 1447 Albini,

123 1473 289 1532 filiam,
316 1489 377 1520 ex
400 1489 496 1535 qua
520 1472 599 1518 hic
623 1477 696 1518 est
719 1487 842 1534 puer
865 1475 916 1518 et
938 1474 1093 1532 nupta
1116 1470 1214 1515 iam
1238 1468 1351 1516 filia.
1422 1468 1626 1514 Duobus

124 1553 202 1601 his
228 1553 542 1616 giavissimae
569 1551 880 1615 antiquitatis
910 1550 1032 1597 viris
1063 1550 1131 1596 510
1165 1549 1398 1612 probatus
1429 1548 1538 1607 fuit,
1570 1553 1628 1595 ut

125 1635 321 1726 qtrlque
358 1650 523 1681 eorum
565 1639 614 1681 et
659 1649 799 1681 carus
843 1632 1055 1679 maxime
1101 1636 1151 1678 et
1196 1630 1439 1677 iucundus
1485 1635 1622 1678 esset.

125 1716 331 1764 Ademit
353 1716 538 1763 Albino
562 1715 714 1762 soceri
739 1730 919 1762 nomen
941 1729 1070 1760 mors
1094 1712 1237 1771 filiae,
1264 1712 1348 1759 sed
1372 1711 1626 1759 calitatem

58 1812 101 1846 20
124 1797 258 1844 illius
310 1796 682 1844 necessitudinis
739 1801 788 1843 et
841 1793 1234 1842 benevolentiam
1280 1810 1381 1840 non
1426 1794 1621 1841 ademit

130 1878 294 1925 Hodie
325 1877 393 1925 sic
423 1878 554 1924 hunc
578 1877 754 1940 diligit,
780 1882 838 1923 ut
861 1892 947 1923 vos
971 1875 1199 1922 facillime
1223 1874 1428 1938 potestis
1451 1890 1514 1922 cx
1536 1875 1626 1923 hac

130 1958 207 2006 vel
234 1958 530 2006 adsiduitate
561 1958 665 2005 eius
700 1957 780 2005 vel
812 1941 1143 2004 so‘llscitiidine
1178 1961 1228 2004 et
1259 1956 1483 2004 molestia
1505 1957 1628 2004 iudi-

129 2054 245 2086 care.
336 2039 497 2085 Duxit
533 2038 709 2085 iterum
756 2054 961 2085 uxorem
1007 2043 1147 2100 patre
1193 2037 1309 2084 vivo
1355 2038 1531 2100 optimi
1577 2043 1628 2086 et
1652 2038 1680 2087 '7

129 2120 532 2167 calamitosissimi
563 2120 660 2166 viri
690 2120 858 2180 filiam,
883 2119 938 2167 L.
968 2119 1220 2182 Scipionis.
1294 2119 1439 2168 Clara
1460 2119 1515 2166 in
1538 2119 1628 2168 hoc

61 2215 101 2250 25
131 2200 182 2247 P.
224 2200 353 2248 Sesti
410 2200 566 2263 pietas
606 2200 801 2247 exstitit
841 2206 890 2247 et
936 2201 1162 2248 omnibus
1191 2186 1363 2263 '’g'ifiatfi,
1403 2201 1533 2263 quod
1578 2207 1629 2249 et

131 2281 401 2329 Massiliam
448 2282 616 2329 statim
661 2281 908 2344 profectus
953 2287 1041 2342 est,
1092 2287 1147 2329 ut
1193 2298 1411 2329 socerum
1461 2282 1629 2331 videre

130 2363 462 2426 consolarique
502 2368 664 2426 posset
705 2363 935 2410 fluctibus
975 2364 1047 2411 rei
1087 2364 1309 2426 publicae
1355 2364 1628 2427 expulsum,

127 2444 183 2491 in
215 2445 386 2492 alienis
419 2444 563 2492 terris
597 2445 848 2504 iacentem,
886 2461 1029 2507 quem
1063 2445 1118 2492 in
1151 2445 1391 2492 maiorum
1431 2462 1630 2494 suorum

131 2525 350 2588 vestigiis
389 2530 518 2572 stare
557 2525 826 2588 oportebat,
869 2531 920 2572 et
955 2525 1018 2573 ad
1059 2542 1171 2573 eum
1211 2526 1364 2573 filiam
1411 2527 1514 2573 eius
1549 2528 1631 2574 ad-

65 2619 104 2653 30
133 2605 289 2666 duxit,
325 2610 384 2652 ut
415 2605 500 2653 ille
533 2605 779 2668 insperato
819 2611 1015 2669 aspectu
1057 2607 1407 2670 complexuque
1448 2607 1490 2654 si
1529 2624 1631 2656 non

133 2700 337 2746 omnem,
371 2691 425 2733 at
453 2686 668 2749 aliquam
697 2691 888 2750 partem
917 2688 1149 2735 maeroris
1179 2689 1256 2735 sui
1279 2688 1491 2750 deponer
1581 2693 1632 2770 qt

134 2766 361 2813 maximis
391 2772 643 2829 praeterea
656 2767 989 2830 <adsiduisque
1012 2768 1178 2815 officiis
1209 2774 1259 2815 et
1290 2767 1425 2815 illius
1448 2692 1726 2816 aeiuih'ff‘*

1372 2870 1494 2915 1--2
