1812 2950
178 202 201 207 ,Α
229 150 293 197 52
589 151 659 199 M.
712 150 924 198 TULLI
970 150 1351 200 CICERONIS

228 277 424 323 theatro
457 277 796 339 plaudebatur‚
832 278 888 324 hi
921 278 1164 341 suffragiis
1198 279 1327 341 quod
1364 279 1718 325 contenderant

229 361 666 420 consequebantur,
715 359 891 405 horum
937 359 1158 406 homines
1194 376 1386 419 nomen,
1430 360 1715 418 orationem,

229 438 438 495 vultum,
459 438 700 484 incessum
718 439 963 486 amabant.
1027 438 1125 494 Qui
1142 444 1307 485 autem
1331 439 1719 485 adversabantur
1811 496 1812 501 ζ

232 520 278 565 ei
310 520 488 581 generi,
524 535 697 581 graves
732 525 781 566 et
815 520 982 582 magni
1015 520 1236 566 homines
1269 521 1578 567 habebantur
1587 537 1600 580 ;
1635 521 1719 567 sed
1806 514 1812 578 ιζ

231 599 463 645 valebant
493 599 546 644 in
578 604 754 645 senatu
788 599 1015 658 multum,
1052 600 1185 661 apud
1220 600 1372 645 bonos
1407 600 1538 646 viros
1571 599 1719 662 pluri·
1738 615 1759 646 5

232 695 391 739 mum3
425 679 738 726 multitudini
761 679 962 726 iucundi
986 695 1087 726 non
1119 685 1274 736 erant,
1301 679 1545 741 suffragiis
1576 680 1721 726 offen-

233 759 440 805 debatur
475 775 618 821 saepe
654 775 823 805 eorum
858 760 1112 820 voluntas;
1155 761 1379 822 plausum
1418 776 1534 806 vero
1571 760 1720 806 etiam

234 839 276 886 si
302 840 412 902 quis
443 855 612 886 eorum
643 840 910 902 aliquando
940 847 1207 902 acceperat,
1240 857 1302 886 ne
1335 842 1454 902 quid
1482 847 1724 903 peccasset

233 920 617 982 pertimescebat.
688 919 769 966 Ac
808 926 990 978 tamen,
1032 921 1073 966 si
1118 937 1243 982 quae
1290 936 1367 966 res
1408 926 1514 967 erat
1553 920 1720 979 maior,

234 1001 364 1046 idem
395 1000 479 1046 ille
510 1000 718 1062 populus
748 1000 924 1046 horum
955 1001 1248 1046 auctoritate
1280 1000 1491 1046 maxime
1521 1015 1725 1046 commo·
1744 1013 1797 1058 102,

234 1082 454 1128 vebatur.

122 1152 211 1200 106
337 1162 389 1209 L.
465 1163 628 1222 Nunc,
663 1164 759 1210 nisi
787 1180 863 1210 me
890 1164 1035 1222 fallit,
1074 1163 1128 1210 in
1166 1180 1223 1210 eo
1264 1169 1397 1209 statu
1430 1163 1605 1209 civitas
1624 1169 1722 1220 est,
1791 1213 1794 1227 ζ

236 1249 308 1303 ut,
334 1244 375 1290 si
406 1260 578 1305 operas
610 1244 962 1290 conductorum
992 1244 1272 1302 removeris,
1307 1259 1474 1289 omnes
1505 1243 1636 1289 idem
1667 1243 1727 1289 de
1788 1236 1793 1292 J

237 1341 289 1372 re
311 1325 506 1387 publica
529 1325 720 1371 sensuri
747 1341 848 1371 esse
872 1325 1147 1373 videantur.
1209 1325 1409 1370 Etenim
1431 1324 1591 1370 tribus
1610 1324 1727 1370 locis

237 1405 501 1466 significari
523 1405 736 1450 maxime
759 1404 931 1466 populi
955 1404 1168 1450 Romani
1198 1404 1435 1449 iudicium
1467 1420 1521 1449 ac
1554 1404 1729 1448 volun·
1749 1354 1803 1488 iffi

238 1489 313 1530 tas
338 1488 510 1544 potest,
538 1483 778 1540 contione,
805 1482 1032 1542 comitiis,
1058 1481 1287 1529 ludorum
1305 1482 1730 1544 gladiatorumque
1790 1481 1802 1544 l}

238 1581 474 1612 consessa
515 1543 686 1621 ffQuae
732 1565 895 1611 contio
942 1565 1044 1611 fuit
1097 1581 1185 1627 per
1238 1564 1327 1611 hos
1381 1579 1550 1622 annOS,
1606 1579 1731 1625 quae
1798 1546 1801 1598 ἶ

239 1645 436 1706 quidem
473 1650 600 1691 esset
635 1661 735 1690 non
772 1644 1016 1691 conducta
1052 1644 1138 1691 sed
1169 1660 1301 1700 vera,
1339 1644 1394 1689 in
1430 1659 1528 1704 qua
1558 1643 1732 1704 populi

239 1725 453 1771 Romani
476 1741 736 1771 consensus
754 1725 964 1787 perspici
987 1741 1088 1772 non
1112 1731 1274 1786 posset
1285 1725 1349 1795 23
1373 1724 1592 1770 Habitae
1615 1727 1732 1768 sunt

239 1806 423 1852 multae
463 1805 523 1851 de
563 1821 641 1851 me
681 1822 711 1852 a
756 1806 1026 1867 gladiatore
1072 1806 1455 1865 sceleratissimo,
1504 1805 1567 1851 ad
1612 1819 1733 1865 quas
1752 1811 1799 1877 η’

237 1901 382 1932 nemo
417 1885 586 1931 adibat
619 1885 944 1948 incorruptus,
983 1902 1127 1932 nemo
1160 1887 1353 1948 integer
1364 1902 1377 1943 3
1413 1902 1557 1932 nemo
1590 1885 1733 1930 illum

239 1965 435 2011 foedum
458 1965 656 2011 vultum
679 1965 939 2027 adspicere,
965 1981 1109 2012 nemo
1132 1965 1362 2012 furialem
1387 1982 1553 2011 vocem
1578 1966 1734 2010 bonus
1794 2007 1795 2010 ,

241 2046 410 2092 audire
459 2051 664 2108 poterat.
739 2046 899 2092 Erant
951 2047 1066 2093 illae
1122 2047 1373 2093 contiones
1429 2046 1734 2108 perditorum
1793 2056 1795 2068 ¹

127 2123 217 2171 10¹7
242 2125 496 2171 hominum
526 2127 798 2172 necessario
834 2126 1162 2173 turbulentae.
1235 2125 1434 2171 Habuit
1470 2125 1530 2171 de
1567 2124 1734 2171 eodem

242 2222 320 2253 me
367 2205 422 2252 P.
473 2205 715 2252 Lentulus
761 2206 931 2252 consul
985 2206 1265 2273 contionem
1275 2223 1288 2264 3
1349 2221 1613 2252 concursus
1662 2212 1736 2252 est
1792 2207 1793 2211 ’

243 2286 412 2348 populi
448 2285 664 2332 Romani
704 2285 892 2346 factus,
946 2302 1114 2333 omnes
1154 2287 1364 2344 ordines,
1410 2293 1517 2332 tota
1556 2287 1610 2333 in
1648 2287 1735 2333 illa

244 2367 470 2413 contione
506 2367 658 2413 Italia
691 2369 930 2414 constitit.
1003 2367 1121 2429 Egit
1159 2384 1356 2414 causam
1397 2384 1586 2414 summa
1623 2384 1735 2415 cum

243 2448 487 2510 gravitate
511 2448 746 2510 copiaque
769 2449 964 2495 dicendi
995 2454 1137 2496 tanto
1165 2449 1375 2506 silentio,
1402 2454 1544 2495 tanta
1567 2450 1736 2511 adpro-

243 2529 441 2575 batione
487 2528 720 2587 omnium,
769 2528 896 2574 nihil
942 2534 1000 2575 ut
1045 2545 1278 2590 umquam
1324 2529 1579 2575 videretur
1634 2535 1735 2576 tam
1788 2539 1791 2543 '

243 2609 475 2670 populare
490 2608 552 2654 ad
571 2609 739 2670 populi
759 2609 972 2654 Romani
990 2624 1135 2654 aures
1153 2608 1395 2654 accidisse.
1458 2608 1735 2655 Productus

244 2692 319 2734 est
349 2688 411 2734 ab
442 2703 499 2734 eo
532 2687 620 2734 On.
657 2688 932 2750 Pompeius,
969 2687 1056 2749 qui
1086 2703 1136 2734 se
1167 2703 1270 2733 non
1300 2687 1458 2733 solum
1488 2693 1734 2734 auctorem

243 2784 380 2815 meae
427 2769 612 2826 salutis,
657 2769 743 2815 sed
787 2769 938 2815 etiam
979 2768 1246 2830 supplicem
1285 2768 1467 2830 populo
1509 2767 1735 2815 Romano
1786 2762 1787 2771 ¹
